3067 5117
1214 344 1256 413 39

106 502 190 557 tero
219 488 315 558 data
348 497 486 571 sunt,“
532 512 606 559 eum
636 508 747 559 casum
784 492 914 559 tractari
945 491 1182 573 existimemus,
1228 496 1257 562 si

105 592 169 679 quis
193 593 234 661 ab
260 604 400 681 utroque
418 594 452 659 in
472 593 584 681 primis
607 606 638 660 et
659 604 828 681 praeterea
847 595 1000 661 secundis
1021 592 1140 660 tabulis
1161 596 1255 685 lega-

23 696 24 763 Ῑ
104 696 195 775 uerit,
217 694 252 761 id
274 695 364 781 quod
385 695 470 762 male
491 710 630 782 negasse
650 707 729 783 puto
752 697 1024 764 Vnuuuuovlvn
1045 693 1085 760 A.
1104 720 1137 784 p.
1157 699 1239 767 364..

197 796 268 866 Sed
290 798 399 885 ipsum
418 796 511 875 illud,
535 797 624 883 quod
645 786 797 875 diximus,
819 795 965 863 CVIAOII
985 797 1142 884 opinione
1163 800 1253 879 iuris,

22 882 24 965 f
105 898 184 985 quod
201 898 265 965 hac
286 908 378 986 parte
399 897 540 975 obtinet,
582 898 781 985 principales
812 899 971 985 quasdam
989 898 1125 987 regulas
1146 900 1254 989 impu·

105 1000 199 1088 gnari,
215 1023 353 1067 mouere
365 1020 427 1067 nos
449 1000 557 1078 debet,
580 1011 616 1067 ut
635 1012 742 1087 spreta
758 1000 975 1067 Basilicorum
996 1002 1186 1071 auctoritate
1203 1004 1255 1068 di-

105 1124 223 1169 uersam
252 1101 489 1189 interpretandi
516 1102 603 1169 uiam
631 1103 869 1191 ingrediamur:
898 1126 975 1168 nam
994 1115 1123 1189 praeter
1140 1106 1182 1172 L.
1203 1107 1255 1173 41.

103 1204 130 1287 S.
146 1202 175 1271 6.
203 1204 246 1270 de
274 1204 366 1291 uulg.
396 1218 428 1270 et
449 1220 529 1292 pup.
557 1215 766 1292 praeceptum
790 1204 940 1285 allatum,
966 1206 1063 1271 etiam
1084 1218 1254 1294 compara-

104 1304 182 1371 tione
204 1305 278 1373 cius
300 1328 406 1383 casus,
427 1306 456 1371 si
478 1306 551 1392 quis
575 1305 771 1372 exheredato
790 1304 860 1372 filio
882 1305 1082 1379 substituerit
1101 1306 1256 1376 heredem

103 1406 277 1473 institutum
288 1408 339 1490 ⁴²)
359 1416 392 1473 et
413 1406 566 1475 secundis
587 1408 704 1474 tabulis
726 1404 836 1496 legata
857 1408 1038 1496 reliquerit,
1078 1433 1118 1477 co
1139 1404 1255 1477 neces-

103 1509 179 1577 sario
192 1508 424 1597 perducemur,
443 1520 480 1575 ut
500 1531 597 1575 exea
617 1532 747 1596 quoque
770 1509 934 1597 portione,
954 1510 988 1575 in
1008 1533 1105 1597 quam
1125 1512 1255 1577 institu-

103 1620 147 1676 tus
167 1621 236 1678 crat
258 1610 414 1689 coheres,
445 1611 553 1699 legata
575 1608 727 1677 secundis
748 1610 866 1677 tabulis
885 1609 999 1677 relicta
1018 1614 1177 1699 praestari
1196 1613 1256 1679 de-

102 1712 172 1779 bere
191 1722 382 1780 statuamus.

197 1814 338 1881 Dudum
365 1822 472 1881 autem
498 1814 651 1880 uiderunt
677 1814 887 1901 interpretes,
916 1839 937 1881 a
963 1816 1163 1881 Psrrmauo
1194 1815 1257 1882 hac

103 1916 169 2003 lege
191 1916 471 2003 comparationem
497 1914 660 2002 quandam
688 1915 820 1992 induci,
849 1917 895 1983 ita
922 1926 958 1982 ut
978 1916 1118 2003 primum
1139 1915 1256 2002 loqua-

104 2028 149 2084 tur
178 2018 220 2085 de
255 2041 325 2085 nou
357 2018 503 2083 instituto
535 2016 677 2103 quodam
706 2016 887 2103 eodemque
918 2016 1045 2104 pupillo
1072 2018 1256 2097 substituto,

104 2131 164 2186 tum
182 2144 265 2187 uero
298 2120 340 2187 ad
368 2140 440 2187 eam
464 2119 609 2207 speciem
635 2128 796 2197 trauseat,
824 2119 853 2184 si
875 2120 948 2206 quis
970 2117 1106 2185 coheres
1129 2115 1256 2208 pupillo

21 2276 22 2293 ι
105 2222 289 2289 substitutus
316 2222 376 2300 sit,
403 2230 435 2287 et
460 2221 500 2287 ab
527 2230 665 2308 utroque
690 2220 805 2308 primis
834 2216 951 2287 abdis
978 2220 1088 2308 legata
1117 2222 1183 2288 sint
1202 2243 1256 2289 re·

106 2323 191 2404 licta,
213 2322 369 2390 secundis
391 2321 491 2389 nulla.
506 2324 559 2409 ⁴²)

202 2424 270 2493 Cui
289 2424 409 2491 rationi
429 2446 497 2491 non
519 2422 706 2511 obloquitur
725 2438 794 2491 uox
825 2428 1057 2507 „cetcr'is“,
1090 2448 1206 2512 quam,
1230 2426 1259 2491 si

105 2551 208 2595 casum
229 2527 277 2594 ita
295 2527 421 2613 fingas,
448 2536 485 2592 ut
506 2526 639 2594 omnino
668 2552 687 2593 a
706 2526 833 2616 pupillo
854 2539 978 2595 tantum
999 2539 1032 2596 et
1054 2552 1074 2595 a
1095 2528 1257 2595 coherede

105 2630 210 2717 primis
237 2627 354 2695 tabulis
382 2627 526 2715 legatum
547 2652 620 2696 esea
640 2628 809 2707 uideatur,
836 2630 1016 2697 rectissime
1037 2627 1215 2719 delegatis
1238 2654 1259 2697 a

20 2798 21 2827 ,
105 2727 226 2819 pupillo
248 2726 369 2796 relicti&
389 2730 555 2817 usurpari,
577 2753 644 2796 non
667 2734 733 2808 est,
756 2734 835 2817 quin
855 2731 974 2798 uideat.
990 2734 1037 2814 ⁴⁴)

203 2822 293 2898 Tum
320 2854 399 2896 uero
426 2826 539 2923 ultima
566 2832 763 2922 paragraphi
792 2834 888 2899 huius
918 2833 1035 2911 uerba,
1067 2834 1109 2900 de
1140 2834 1258 2921 quibus

106 2924 164 3001 iam
184 2958 286 3021 supra
306 2930 522 3019 dispersimus,
543 2934 676 3020 egregie
698 2932 739 2999 ad
759 2935 844 3002 hanc
864 2933 1138 3023 interpretationis
1158 2936 1259 3001 ratio-

106 3060 175 3103 nem
196 3036 356 3125 quadrare
378 3044 519 3123 constat,
549 3033 685 3120 quibus,
707 3035 805 3102 aliam
827 3060 900 3103 esse
921 3060 1069 3103 caussam
1089 3025 1260 3105 coheredis

109 3137 266 3204 substituti
288 3135 501 3225 proponitur,
523 3136 619 3203 aliam
640 3138 729 3216 eius,
758 3138 871 3224 quiin
894 3140 1000 3205 uarias
1018 3138 1188 3227 portiones
1209 3139 1260 3204 in-

109 3240 232 3305 stitutus
259 3238 315 3304 sit:
345 3238 540 3307 coheredem
565 3240 652 3307 enim
674 3239 881 3308 substitutum
901 3263 970 3307 non
991 3229 1193 3307 contundere
1212 3240 1261 3306 le-

143 3548 192 3616 ⁴²)
210 3540 253 3603 Dc
282 3559 337 3615 qus
363 3550 435 3603 tntis
463 3555 559 3614 seem
586 3548 612 3619 §-
630 3546 656 3601 1.
707 3548 765 3600 tunt
782 3552 820 3601 cu
836 3551 950 3614 ιοιςιιιιι
970 3557 1021 3604 etc.
1051 3550 1130 3618 quta
1154 3551 1262 3617 praeses

111 3644 156 3695 nh
176 3648 249 3697 nuni.
267 3644 337 3695 111..
707 3643 813 3695 tionem
864 3645 1001 3710 quandam
1050 3642 1262 3708 comparationic

143 3724 189 3799 ⁴⁸)
215 3738 422 3789 hortunam
459 3750 487 3799 p.
515 3729 558 3786 78.
586 3748 656 3784 noca
707 3738 806 3788 causta
827 3738 961 3788 adissem
985 3736 1140 3802 continere,
1163 3742 1262 3801 putam-¹

112 3830 226 3893 „dixt“
249 3826 437 3883 Purrrrmir
463 3828 500 3877 sd
520 3826 656 3891 carespi·
707 3830 772 3882 dum
790 3834 841 3880 ese

20 3992 21 3995 Ἴ
112 3934 185 3986 cera,-
202 3928 271 3989 quac
293 3922 317 3985 ς.
330 3920 355 3972 5.
381 3920 578 3985 explicancr'at,
598 3920 654 3971 exi·
743 3919 789 3985 ⁴⁴)
808 3924 851 3975 lta
870 3923 924 3973 iam
940 3923 969 3974 in
995 3923 1126 3976 Glossa
1148 3933 1193 3974 res
1212 3928 1262 3972 ex·

20 4018 22 4025 “
113 4014 214 4065 rumare
241 4014 357 4064 siderum
392 4014 455 4064 Hoc
473 4012 582 4078 quidem
601 4004 654 4063 dis·
704 4015 812 4081 plicata.
849 4015 937 4079 Quam
955 4016 1208 4081 interpretationem
1218 4029 1261 4065 re-

20 4152 23 4179 ,
112 4106 199 4170 plicet:
216 4108 278 4159 nam
294 4104 348 4157 hoc‘
362 4107 448 4157 uerbo
461 4104 569 4169 semper
585 4106 676 4155 iure.
707 4114 840 4173 ceperunt
883 4109 1092 4161 honorastis
1133 4126 1160 4175 p.
1203 4106 1263 4172 ta,

20 4182 21 4199 ³
115 4198 226 4251 contuiti
242 4198 406 4265 responsuri
423 4198 566 4249 inducitur.
600 4196 655 4249 Ita·
706 4202 877 4253 Hvscnr'trrc
899 4200 926 4265 p.
943 4200 1020 4267 m,
1046 4203 1260 4254 vitsssonvs

115 4305 164 4355 que
182 4292 270 4358 priora
286 4293 355 4345 haec
371 4292 440 4357 legis
452 4290 536 4343 rerba
554 4294 657 4357 ,quta-⁸
706 4296 739 4345 A.
759 4307 787 4356 p.
805 4290 885 4345 3⁶5..
