3067 5117
453 569 478 647 ᾗ.
504 576 552 629 21.
573 574 600 629 3.
623 570 785 627 Discrimina
805 572 878 629 inter
892 588 951 640 eos,
974 573 1021 646 qui
1043 580 1165 633 actorem
1187 568 1220 632 ab
1243 589 1329 631 onere
1349 590 1413 649 pro·

403 662 485 733 bandi
507 671 622 731 liberum
645 670 804 747 praedicant
824 692 852 749 p.
874 675 955 731 214..

453 772 479 849 ξ.
501 779 549 836 22.
571 775 598 833 1.
621 774 750 831 diuersae
775 792 872 833 corum
900 776 1063 851 opiniones,
1097 775 1145 849 qui
1166 773 1212 831 uei
1234 793 1345 851 semper
1365 776 1412 833 uel

401 875 538 935 interdum
560 874 671 931 domino
694 874 887 949 probationem
908 876 1042 935 libertatis
1060 877 1205 953 iniungrmt
1225 895 1253 952 p.
1272 879 1352 937 215..

448 976 474 1053 ᾧ.
493 982 542 1036 23.
566 978 597 1033 11.
619 977 760 1033 'transitus
780 977 813 1034 ad
835 980 977 1051 sequentia
999 996 1026 1056 p.
1050 978 1130 1039 215..

448 1077 474 1155 ξ.
496 1080 546 1135 24.
563 1078 606 1134 lli.
620 1078 750 1147 Quisnam
772 1080 942 1137 sit‘ed'eetus
964 1081 1132 1155 possessorii
1155 1098 1183 1155 p.
1203 1086 1284 1141 216..

448 1178 817 1257 §.26.1111.Praesurrrptio
848 1199 901 1257 pro
941 1180 1066 1239 libertate
1105 1183 1234 1254 dominii,
1269 1183 1314 1242 uei
1350 1186 1411 1261 ipsa
1522 1263 1524 1266 Ι

402 1283 515 1341 dominii
536 1291 632 1339 natura
654 1283 756 1339 actoris
779 1282 972 1339 adminiculum
991 1302 1020 1359 p.
1042 1278 1124 1343 216..

449 1382 474 1459 ἕ.
496 1388 545 1443 26.
567 1384 597 1443 V.
621 1384 658 1441 De
679 1386 905 1460 praesumptione
926 1403 978 1459 pro
996 1404 1162 1460 possessore
1175 1406 1203 1463 p.
1224 1393 1303 1447 220..

451 1482 475 1560 ᾗ.
497 1486 604 1548 amvi.
625 1486 661 1543 be
688 1488 894 1561 comparatione
923 1487 1038 1544 actionis
1073 1490 1232 1565 negatoriae
1262 1509 1323 1548 cum
1351 1493 1410 1549 uiu-

398 1588 534 1646 dicatione
556 1590 582 1645 iu
602 1574 753 1644 libertatem
773 1606 800 1662 p.
820 1594 900 1646 223..

447 1688 473 1767 ᾗ.
495 1694 544 1749 28.
559 1690 611 1748 vlt.
626 1690 662 1747 De
693 1690 804 1764 regula,
838 1693 963 1767 negantis
995 1694 1098 1751 nullam
1125 1713 1187 1754 esse
1213 1695 1408 1772 probationem

397 1812 425 1869 p.
446 1790 526 1851 229..

450 1893 474 1971 ᾗ.
497 1894 777 1954 29.Viil.Couclusio
800 1914 828 1970 p.
848 1902 926 1954 233..

289 2103 373 2141 GAPVT
389 2102 537 2143 SECVNDVM.

328 2203 609 2277 iuterpretatio
632 2200 750 2275 legum
774 2201 1007 2275 quorundam,
1030 2205 1327 2279 quaereiragari
1352 2207 1407 2262 ui·

370 2305 528 2361 deantur
550 2304 760 2359 sententiae
784 2303 825 2359 ab
848 2312 1000 2363 auctore
1025 2306 1212 2365 defensae.

444 2405 469 2481 ξ.
492 2405 578 2462 30.1.
602 2404 737 2461 Praefatio
760 2424 788 2480 p.
816 2408 897 2463 235..

444 2506 471 2584 §.
491 2506 685 2565 31.11.Recta
714 2502 791 2563 notio
821 2524 921 2563 uocum
956 2510 1097 2583 potitor
1131 2518 1158 2568 et
1190 2528 1407 2587 possessor.

420 2648 427 2663 .
448 2610 529 2664 236..

399 2625 416 2681 p
443 2703 469 2782 ξ.
491 2712 538 2767 32.
558 2706 600 2764 111.
610 2706 803 2781 interpretatio
826 2706 918 2780 legum
941 2706 1095 2781 dequibus
1117 2711 1217 2785 agitur.

559 2814 585 2866 1,
606 2808 636 2865 L.
657 2812 686 2868 8.
708 2806 734 2883 ᾗ.
757 2812 786 2865 3.
808 2808 831 2863 si
852 2809 972 2865 seruitus
996 2809 1075 2883 (vlu,
1097 2809 1151 2889 5.).
1173 2831 1201 2888 p.
1222 2817 1304 2873 239..

442 2908 467 2988 5.
485 2915 534 2968 33.
554 2914 583 2967 2.
605 2910 636 2974 L.
659 2910 705 2969 15.
727 2910 761 2968 de
785 2910 814 2965 0.
837 2910 869 2967 N.
891 2910 923 2969 N.
946 2909 1105 2982 (xxxviiii,
1130 2911 1172 2991 1.)
1194 2934 1220 2989 p.
1238 2917 1317 2972 241..

351 3185 509 3258 Sequuntur
529 3183 586 3241 biui
604 3183 717 3251 iudices,
741 3182 841 3257 quibus
863 3183 931 3241 baec
953 3183 1144 3241 continentur:

325 3285 344 3345 1.
375 3288 594 3361 Descriptio
619 3286 785 3343 iocorum
818 3294 851 3341 et
879 3286 971 3341 iuris
993 3284 1143 3342 Romani
1176 3295 1208 3342 et
1238 3290 1403 3363 scripto·

382 3405 457 3445 rum
481 3397 663 3456 ueterum,
694 3388 756 3461 qui
777 3387 832 3443 uel
851 3386 928 3443 cius
949 3385 1041 3458 quod
1064 3386 1200 3443 dictum
1224 3398 1289 3458 est,
1316 3408 1403 3464 pro·

383 3489 496 3546 barrdi
520 3490 769 3547 caussaeitati
793 3488 853 3545 nel
874 3489 996 3544 insius
1014 3488 1195 3561 explicati
1218 3501 1311 3549 suut.

393 3598 421 3649 1.
443 3591 483 3649 nd
505 3591 760 3648 commentationem
785 3590 899 3664 primam
914 3607 941 3663 p.
962 3591 1041 3647 247..

392 3700 421 3751 2.
445 3693 483 3750 10
504 3693 759 3750 commentationem
782 3692 903 3747 aiteram.
927 3710 955 3766 p.
978 3692 1058 3749 250..

324 3793 357 3851 11.
378 3794 583 3862 Librorum,
616 3794 749 3867 quibus
772 3802 1013 3850 auctorusus
1035 3800 1106 3863 est,
1133 3799 1373 3861 enumeratio.

394 3903 421 3955 1.
444 3896 484 3953 bd
507 3897 763 3954 commentationem
786 3896 909 3970 primam.
932 3913 959 3969 p.
983 3895 1064 3953 253..

395 4005 424 4058 2.
446 3998 486 4057 dd
507 4000 762 4056 commentationem
782 3998 894 4057 aiteram
911 4015 948 4072 p..
968 3998 1050 4056 256..

719 4308 918 4323 m
