3067 5117
1206 368 1247 437 81

19 533 20 552 ¹
99 520 197 586 edicto
224 520 402 585 commisso
425 516 572 585 CCCC..
628 518 717 585 Num
735 516 814 585 DC.
837 517 1015 605 praestabit
1044 515 1244 593 substitutus,

96 644 132 683 an
150 616 295 696 0000,
318 642 360 683 an
385 616 511 684 CCC?

189 720 262 786 Nec
281 718 360 785 DC.
383 719 534 805 quidem,
563 742 625 785 nec
653 716 789 785 CCCC.
820 719 1013 804 praestabit,
1051 742 1151 804 quum
1181 741 1241 805 pro

95 820 186 885 modo
218 831 344 886 tantum
376 818 582 905 patrimonii,
614 819 705 903 quod
737 818 779 885 ad
812 842 886 885 eum
916 818 1080 904 peruenit,
1114 818 1242 885 soluere

19 1005 20 1020 χ
95 932 224 1006 cogatur
243 919 363 1007 legata.
410 921 524 1005 Itaque
546 917 649 985 CCC.
674 942 749 985 curn
770 930 935 1005 praestare
957 917 1123 985 dicemus?
1174 919 1242 985 Mi·

94 1021 190 1087 nimcl
244 1020 310 1089 Scd
342 1021 434 1106 prius
467 1020 654 1087 adhibenda
684 1031 734 1087 est
762 1018 880 1105 regula
910 1018 990 1085 iuris
1026 1018 1107 1095 ulia,
1145 1042 1242 1104 quam

95 1124 208 1187 Mlucl
229 1124 410 1188 Auromru
433 1122 564 1187 decreto
585 1122 745 1187 contineri
766 1118 921 1184 discimus
952 1119 993 1183 L.
1017 1120 1063 1185 11.
1084 1120 1116 1203 S.
1136 1122 1167 1189 2.
1200 1120 1241 1185 ad

94 1224 170 1310 Leg.
190 1224 300 1290 Fam:

165 1326 376 1411 „Imperator
393 1324 547 1388 Mnacvs
570 1324 778 1388 Arrrorunvs
801 1320 963 1397 decreuit,
984 1318 1140 1399 heredes,
1168 1322 1240 1406 qui-

163 1425 226 1492 bus
251 1448 328 1511 pars
348 1424 513 1492 bonorum
535 1424 642 1489 ablata
662 1434 731 1499 est,
749 1446 818 1487 non
838 1423 873 1486 in
895 1422 1085 1508 ampliorem
1105 1432 1241 1509 partem,

163 1550 261 1612 quam
280 1549 342 1611 pro
364 1548 404 1593 ea
422 1536 529 1613 parte,
565 1546 649 1610 quae
675 1523 789 1589 relicta
811 1532 877 1599 cst,
904 1520 1087 1609 legatorum
1108 1523 1240 1590 nomine

163 1628 308 1693 teneri.“

96 1728 141 1793 Cf.
157 1730 198 1793 L.
222 1730 291 1797 125.
310 1727 353 1793 de
374 1726 463 1813 legg.
484 1726 528 1791 I.:

165 1830 226 1907 „Si
255 1827 351 1895 heres
381 1838 511 1894 centum
537 1825 726 1912 praecipere
747 1824 856 1890 iussus
880 1826 921 1891 sit
942 1838 974 1891 et
992 1827 1162 1895 restituere
1180 1827 1239 1893 he-

164 1930 344 2007 reditatem,
370 1940 403 1994 et
423 1940 580 2015 patronus
603 1926 766 1991 bonorum
791 1927 1037 2012 possessionem
1056 1939 1169 1995 contra
1191 1940 1239 1995 ta-

164 2032 258 2098 bulas
289 2028 436 2117 petierit,
467 2027 550 2093 sicut
573 2028 698 2115 legata,
732 2029 777 2093 ita
798 2037 829 2092 et
850 2029 1036 2115 praecept-io
1058 2052 1118 2117 pro
1137 2042 1239 2117 parte,

167 2155 264 2217 quam
282 2141 440 2217 patronus
461 2129 609 2205 abstulit,
628 2129 824 2195 minuetur.“

19 2253 20 2334 J
100 2231 142 2297 cf.
160 2234 198 2297 L.
220 2234 272 2299 77.
294 2232 325 2315 §-
348 2230 399 2299 29.
420 2228 462 2294 de
481 2227 571 2315 legg.
591 2230 653 2295 IL:

166 2335 300 2416 „Quum
333 2329 546 2407 existimaret,
568 2330 609 2395 ad
640 2332 745 2397 solam
775 2332 1005 2399 consobrinam
1028 2358 1120 2401 snam
1152 2334 1241 2401 bona

166 2443 360 2522 peruentura
392 2430 552 2497 codicillis
582 2420 622 2498 ab
643 2456 683 2498 ca
705 2433 798 2498 factis
820 2432 967 2518 pluribus
988 2434 1241 2501 fideicommissa

166 2538 359 2621 reliquerat:
397 2532 468 2598 iure
507 2533 724 2599 successionis
766 2533 807 2598 ad
840 2532 905 2599 duo
939 2534 1085 2601 eiusdem
1118 2535 1239 2623 gradrn

166 2636 376 2725 possessione
413 2633 569 2700 deuoluta
601 2635 781 2702 rationibus
815 2634 985 2722 aequitatis
1023 2646 1055 2703 et
1091 2638 1240 2725 perpetui

166 2737 263 2805 edicti
296 2736 446 2823 exemplo
479 2760 539 2824 pro
572 2749 664 2823 parte
686 2734 821 2802 dimidia
841 2734 1010 2802 mulierem
1031 2738 1241 2805 releuandam

165 2837 342 2926 respondi“
364 2848 437 2902 etc..

188 2939 278 3004 Hinc
309 2937 474 3023 sequitur,
512 2938 541 3003 si
561 2936 634 3023 quis
654 2936 816 3005 bonorum
837 2939 1049 3026 possessione
1071 2940 1241 3029 impetrata

97 3052 209 3125 partem
231 3038 418 3105 hereditatis
441 3061 519 3103 suae
541 3038 699 3116 amiserit,
737 3062 798 3125 pro
834 3055 905 3106 rata
938 3041 1035 3105 etiam
1060 3040 1170 3129 legata
1199 3044 1240 3109 ab

97 3143 160 3227 ipso
182 3144 296 3209 relicta
317 3162 389 3205 esse
410 3139 631 3205 diminuenda.
671 3141 785 3225 Itaque
806 3142 840 3205 in
861 3163 917 3217 ea,
947 3164 1043 3225 quarn
1063 3145 1238 3229 proposui·

96 3266 157 3307 rnus
187 3243 298 3330 specie
329 3241 470 3326 primum
503 3238 612 3327 legata
640 3264 659 3307 a
689 3241 862 3306 substituto
895 3239 1008 3307 relicta
1041 3242 1082 3307 ad
1115 3244 1241 3311 tertiam

21 3361 22 3414 t
96 3357 209 3427 partem
229 3344 443 3420 reducentur,
465 3342 644 3428 praestabit
662 3342 771 3427 itaque
794 3363 862 3407 non
884 3338 999 3419 000,
1022 3342 1081 3407 sed
1102 3342 1186 3423 00,
1210 3356 1241 3413 et

96 3445 219 3511 totidem
239 3446 312 3530 ipse
332 3441 473 3508 habebit.

190 3549 234 3611 Et
263 3544 346 3610 haec
379 3543 461 3608 ratio
484 3568 613 3632 semper
639 3555 688 3610 est
711 3542 927 3619 admittenda,
961 3542 1018 3607 ubi
1049 3543 1239 3611 substitutus

99 3648 232 3713 nonfuit
253 3655 405 3712 oneratus
427 3643 512 3710 ultra
535 3644 727 3710 dodrantem
747 3644 836 3721 eius,
865 3642 954 3728 quod
978 3642 1146 3710 habiturus
1168 3669 1240 3713 esse

22 3800 23 3826 ,
98 3748 274 3813 uidebatur:
303 3745 333 3811 si
357 3744 435 3822 tuit,
464 3745 642 3830 simplicius
666 3757 733 3822 est,
763 3746 872 3812 statim
892 3744 1059 3811 Falcidiae
1081 3747 1241 3812 rationem

99 3847 128 3912 in
154 3850 318 3915 deminuta
353 3844 532 3913 hereditate
562 3846 689 3924 induci,
732 3868 833 3931 quum
864 3845 952 3911 idem
985 3846 1126 3931 denique
1164 3847 1240 3913 inde

23 3961 24 4014 t
101 3950 229 4017 resultet.

192 4050 260 4118 Sed
280 4072 363 4136 opus
386 4061 450 4127 est,
470 4060 506 4114 ut
525 4048 757 4115 deminutionis
777 4047 873 4113 huius
894 4048 1077 4134 legatorum
1093 4070 1242 4114 caussam

106 4151 305 4233 requiramus:
330 4150 484 4216 facillime
504 4151 591 4215 enim
612 4150 773 4235 quispiam
800 4150 935 4227 dixerit,
968 4150 1242 4235 quemadmodum

110 4267 158 4328 pro
181 4263 245 4317 rata
270 4252 455 4319 minuantur
482 4251 592 4338 legate
619 4250 828 4315 decrescente
851 4248 1047 4327 hereditate,
1078 4250 1123 4315 ita
1140 4271 1241 4334 auge-

1017 4352 1039 4418 6
