3067 5117
1199 430 1244 499 bl

15 556 17 639 i
99 584 266 669 superstitis
294 584 521 662 hastilium,
555 585 614 651 sed
643 585 678 649 in
710 584 809 650 bonis
835 582 1008 651 habebitur
1037 582 1241 662 aduenticiis,

98 706 169 769 quae
194 706 261 749 non
286 686 400 751 uenire
428 686 462 750 in
492 686 766 751 contributiouem
793 708 868 751 eum
893 684 1037 771 paternis
1065 686 1108 751 ad
1127 687 1169 751 L.
1194 689 1242 753 ll.

95 787 121 869 S.
139 788 167 851 5.
185 786 226 851 ad
253 787 339 873 Leg.
361 786 451 853 Fale.
485 788 723 874 perspeximus.
778 786 884 855 Simul
905 797 1031 863 autem,
1061 786 1151 871 quod
1172 786 1242 852 eius

94 888 216 976 pupilli,
234 888 292 977 qui
312 898 389 953 ante
407 888 578 954 defunctus
601 900 660 966 est,
681 898 833 977 respectu
853 888 977 965 habito,
995 888 1140 955 conditio
1164 890 1242 955 sub-

96 991 256 1056 stitutionis
279 1026 317 1039 ·-
340 988 405 1068 „si
425 989 541 1056 ambo
564 988 880 1066 decesserint,“
909 989 1010 1074 „qni
1030 1012 1243 1076 supremus

96 1092 354 1160 decesserit“
373 1128 416 1140 ·-
444 1114 512 1157 non
533 1091 677 1170 exsistit,
706 1091 804 1158 etiam
824 1092 936 1156 omnia
964 1092 1089 1179 legata,
1119 1114 1204 1177 quae
1224 1116 1245 1158 a

93 1196 252 1261 substituto
282 1194 457 1271 communi,
481 1204 516 1259 ut
538 1193 711 1259 substituto
731 1192 836 1277 ipsius
870 1193 940 1259 cius
970 1193 1098 1281 pupilli,
1129 1194 1244 1259 relicta

96 1310 172 1376 sunt,
193 1298 234 1363 ad
255 1296 383 1362 irritum
403 1293 568 1372 recidunt,
597 1296 642 1359 ita
668 1306 703 1359 ut
724 1294 751 1358 si
775 1295 897 1361 euitare
914 1294 978 1360 boc
999 1297 1080 1361 uelit
1099 1306 1243 1373 testator,

94 1398 147 1463 boe
164 1398 264 1465 modo
287 1398 405 1464 debeat
425 1420 445 1463 a
465 1394 637 1461 substituto
659 1396 789 1482 legare:
811 1398 1098 1485 „utricunque
1120 1400 1244 1466 heres

94 1500 354 1565 exstiterit.“
607 1504 611 1513 '

15 1664 16 1683 ,
185 1602 223 1667 In
254 1602 383 1667 ratione
416 1600 524 1687 itaque
545 1599 732 1675 Falcidiae,
760 1598 789 1663 si
818 1610 991 1685 utrumque
1014 1602 1176 1688 pupillum
1203 1626 1245 1668 ex

96 1703 218 1769 semisse
238 1705 348 1791 fingas
368 1703 564 1779 institutum,
591 1700 752 1767 beneficio
782 1700 866 1788 legis
898 1701 1087 1767 substitutus
1116 1726 1246 1789 semper

15 1838 17 1897 3
94 1805 231 1871 retinebit
255 1804 460 1871 sescunciam
479 1802 666 1869 hereditatis
687 1812 853 1889 paternae,
875 1824 940 1889 qua
959 1827 995 1869 re
1018 1804 1245 1870 detrimentum

15 1986 17 2005 ³
94 1918 168 1972 certe
187 1928 257 1972 non
287 1906 420 1983 sentiet,
455 1928 555 1991 quum
583 1904 725 1991 pupillus
752 1907 788 1970 in
814 1903 912 1969 bonis
940 1904 1151 1982 aduentieiis,
1182 1906 1245 1971 nisi

94 2029 176 2074 casus
203 2007 427 2084 interciderit,
453 2006 569 2093 procul
598 2006 697 2071 dubio
728 2004 847 2083 habeat
876 2017 1023 2091 quartam
1043 2017 1169 2093 partem
1190 2028 1244 2073 se-

15 2176 17 2187 ,
94 2109 188 2177 missis
214 2108 309 2175 fratri
337 2108 451 2174 relicti.
492 2108 531 2172 In
560 2107 752 2194 posterioris
782 2118 890 2173 autem
918 2107 1036 2195 pupilli
1065 2106 1244 2173 hereditate

15 2196 16 2205 ἵ
94 2212 192 2297 utique
212 2211 326 2299 legata
346 2232 388 2275 ex
407 2210 534 2275 ratione
554 2210 596 2273 L.
608 2209 655 2275 ll.
677 2208 708 2291 S.
716 2209 747 2275 5.
768 2209 822 2275 eit.
844 2210 1045 2297 praescripta
1064 2209 1243 2275 soluentur.

185 2314 284 2379 Haec
306 2320 415 2377 autem
444 2311 555 2377 omnia
581 2310 627 2375 ita
648 2332 721 2375 sese
741 2309 863 2377 habere
884 2311 975 2377 testis
996 2322 1046 2376 est
1067 2313 1109 2377 L.
1130 2313 1182 2381 tt.
1203 2312 1245 2378 de

93 2412 172 2501 uulg.
192 2425 227 2481 et
246 2435 348 2501 pupt

163 2516 264 2599 „Qui
294 2515 378 2579 duos
399 2514 585 2602 imwberes
606 2513 693 2580 lilios
716 2512 855 2579 heredes
878 2513 1069 2598 reliquerat,
1097 2514 1144 2580 ita
1165 2514 1244 2581 sub-

162 2618 283 2683 stituit:
306 2616 375 2694 „Si
394 2616 511 2685 ambo
530 2615 683 2681 mortui
704 2622 895 2692 essent,“
915 2614 1037 2681 deiude
1057 2616 1152 2701 pueri
1170 2626 1247 2701 post

161 2730 302 2785 mortem
322 2718 423 2804 patris
444 2718 540 2785 simul
561 2716 737 2804 perierunt.
778 2716 876 2787 Duae
908 2716 1104 2783 hereditates
1126 2718 1246 2785 substi-

163 2831 233 2885 tuto
261 2819 458 2885 defensatur.
506 2818 574 2887 Sed
605 2819 633 2883 ei
661 2816 800 2883 diuersis
830 2818 1031 2904 temporibus
1058 2818 1127 2883 uita
1146 2819 1244 2885 dece-

163 2921 260 2999 dant,
290 2922 325 2986 in
344 2921 522 2987 hereditate
549 2920 721 2986 nouissimi
742 2917 837 3005 pueri
856 2920 928 2984 eius
947 2920 1074 2998 fratris,
1095 2920 1246 3005 quiante

163 3034 312 3089 manuus
343 3033 429 3099 ests
446 3014 659 3102 hereditatem
687 3019 878 3085 substitutus
906 3021 1061 3087 inueniet.
1118 3022 1187 3089 Sed
1212 3024 1247 3088 in

163 3125 293 3191 ratione
315 3120 482 3191 Falcidiae
502 3124 597 3211 pueri
617 3122 736 3210 prioris
755 3120 925 3187 hereditas
939 3145 1014 3186 non
1033 3124 1160 3201 ueniet,
1184 3147 1245 3189 nec

166 3226 360 3291 substitutus
381 3226 520 3312 amplius
541 3248 639 3311 quam
667 3227 870 3292 sescunciam
891 3224 961 3290 iure
981 3227 1164 3293 testamenti
1187 3227 1245 3293 de-

166 3326 341 3393 siderabit:
379 3327 488 3414 legata
523 3348 672 3413 quoque,
711 3349 795 3413 quae
822 3351 843 3392 a
871 3327 1044 3392 substituto
1079 3328 1148 3394 eius
1187 3329 1247 3395 filii

165 3428 243 3495 data
271 3438 365 3507 sunt,
394 3430 451 3514 qui
478 3430 569 3515 prior
590 3428 742 3495 intestato
765 3426 923 3507 decessit,
955 3429 997 3494 ad
1016 3429 1141 3495 irritum
1162 3432 1246 3496 reei-

15 3550 16 3613 ᾖ
168 3531 281 3596 dunt“

15 3718 16 3723 ἵ
96 3640 124 3695 et
142 3632 182 3698 1..
205 3636 253 3703 14.
276 3632 308 3719 S.
329 3634 360 3700 3.
382 3630 525 3719 adLeg.
545 3631 658 3698 Falce
743 3650 747 3657 ·

15 3730 16 3769 l
170 3734 330 3817 „Quodsi
348 3733 448 3801 irater
466 3730 556 3799 fratri
583 3732 748 3819 legitimus
774 3732 870 3799 heres
892 3732 1014 3799 exstitit
1034 3744 1067 3799 et
1085 3735 1248 3823 impuberi

170 3856 323 3921 supremo
348 3834 549 3911 substitutus,
570 3835 677 3921 portio
700 3834 833 3919 quidem
847 3844 1062 3920 paternorum
1074 3834 1246 3915 bonorum,

170 3960 266 4023 quam
288 3937 458 4003 intestatus
478 3960 561 4023 puer
582 3936 723 4022 aceepit,
748 3935 868 4001 rationi
889 3935 1056 4001 Falcidiae
1076 3959 1144 4002 non
1166 3962 1247 4005 eou-

169 4038 338 4117 fundetur,
361 4038 419 4105 sed
442 4050 588 4125 quartam
610 4040 679 4105 eius
703 4046 827 4102 tantum
847 4038 1071 4124 portionis⁸¹)
1093 4038 1248 4106 substitu.

131 4278 175 4346 ⁸¹)
193 4282 352 4347 Legendum
383 4298 443 4335 esse
484 4282 644 4348 „portio·
695 4281 779 4346 uulgo
809 4283 838 4333 in
857 4284 918 4338 edd.
937 4292 1045 4351 exstat,
1078 4300 1122 4337 ros
1141 4288 1250 4341 uidetur

99 4372 191 4439 nis,“
208 4392 265 4427 non
290 4375 550 4442 „portionem,“
570 4376 645 4440 quod
695 4388 756 4425 cese
775 4374 934 4427 certissima.

1055 4458 1097 4525 5.
