3067 5117
652 1384 660 1399 '
698 1395 814 1443 cnrvr
833 1396 983 1444 narnvn.

148 1629 155 1647 .
261 1566 332 1643 Du
356 1566 571 1644 NATVRA
583 1566 762 1659 ATQVE
781 1565 978 1641 INDOLE
992 1562 1422 1641 SVBSTITVTIONIS

694 1721 1009 1799 PVPILLARIS.

795 2063 826 2147 s.
852 2064 879 2131 t.

261 2205 468 2261 DOCTORVM
484 2202 654 2257 VIRORVM
672 2204 722 2254 DE
741 2203 1044 2257 svusuluvnouu
1062 2197 1263 2256 PVPILLARI
1280 2197 1421 2262 Qvnms

411 2314 451 2366 IN
468 2314 557 2367 IVRE
576 2312 822 2365 1vsu1u1nuu0
841 2314 996 2367 EXISTl'l'
1022 2310 1269 2367 saudauma

359 2448 399 2569 N
400 2524 473 2568 erno
496 2500 601 2567 adhuc
619 2501 795 2582 dubitauit,
827 2503 905 2590 quin
938 2502 973 2567 in
1005 2501 1135 2590 uulgari
1161 2498 1353 2567 substitione
1374 2499 1421 2566 ita

262 2602 359 2670 heres
380 2602 543 2669 secundus
563 2601 738 2683 habeatur,
768 2616 805 2670 ut
838 2606 944 2691 primo
979 2627 1048 2670 non
1079 2604 1255 2671 exsistente
1274 2601 1329 2668 uel
1350 2624 1421 2667 non

261 2705 400 2771 adeunte
421 2703 631 2772 hereditatem
656 2705 846 2793 simpliciter
866 2730 887 2773 a
906 2717 1060 2775 testatore
1082 2706 1117 2771 in
1136 2706 1226 2773 bona
1235 2705 1339 2793 ipsius
1354 2727 1418 2771 uo·

262 2818 352 2875 catus
374 2829 448 2873 esse
469 2806 627 2873 uideatur.
1027 2816 1032 2826 '

366 2908 471 2975 Aliter
490 2931 542 2975 res
565 2931 601 2977 se
628 2908 727 2976 habet
756 2916 789 2975 in
821 2909 1050 2977 substitutione
1076 2910 1247 2998 pupillari:
1281 2912 1419 2979 multum

262 3011 347 3078 eninr
370 3010 585 3097 disceptatum
604 3021 670 3089 est,
699 3011 869 3079 cuiusnam
893 3012 1048 3079 heredem
1068 3034 1142 3079 esse
1163 3024 1314 3099 putemus
1338 3016 1417 3081 sub-

262 3112 426 3191 stitutum,
456 3134 535 3179 nurn
562 3113 675 3201 patris,
702 3138 743 3181 an
764 3114 893 3203 pupilli.
932 3114 1049 3200 Neque
1077 3115 1162 3182 hanc
1191 3118 1417 3202 quaestionem

264 3214 394 3281 silentio
416 3214 494 3281 licet
513 3215 788 3302 praetermittere,
815 3239 916 3303 quum
939 3216 1070 3303 saepius
1090 3217 1125 3283 in
1147 3220 1356 3305 sequentibus
1374 3219 1416 3285 ad

263 3316 464 3383 decisionem
485 3314 549 3383 hoo
570 3316 645 3383 loco
667 3310 839 3404 probatam
859 3317 901 3409 si)
921 3319 1173 3405 respiciendum.

366 3418 411 3483 Et
430 3428 526 3483 antea
548 3417 680 3503 quidem
711 3418 813 3507 uulgo
844 3420 1052 3500 credebatur,
1087 3433 1211 3509 patrem
1239 3422 1303 3489 hoc
1336 3446 1415 3491 casu

263 3542 330 3586 non
352 3518 425 3597 sibi,
448 3518 506 3584 sed
527 3518 596 3584 filio
617 3518 771 3585 heredem
792 3520 955 3601 scribere,
974 3510 1072 3608 quani
1092 3524 1302 3604 sententiam,
1325 3528 1416 3612 quod

265 3622 352 3700 scio,
374 3618 571 3705 amplissime
593 3618 737 3687 defendit
757 3622 1048 3691 Bnuusuoltmvs
1068 3625 1101 3709 §-
1125 3626 1187 3704 31,
1222 3626 1280 3692 ubi
1311 3631 1415 3706 „sub-

261 3725 404 3791 stitutum
418 3720 622 3809 pupillariter
643 3770 651 3787 .
674 3771 682 3788 .
706 3770 715 3787 .
736 3746 804 3789 non
826 3727 982 3805 testa-tori,
1002 3726 1061 3793 sed
1078 3726 1204 3814 pupillo
1226 3728 1415 3809 succedere,

260 3823 422 3892 manifesti
442 3824 520 3890 iuris
533 3832 639 3903 esse,“
664 3825 842 3904 contendit,
862 3839 1054 3915 argumenta
1063 3828 1220 3897 exhibens
1235 3830 1317 3899 haec
1328 3832 1414 3900 lere:

301 3930 350 4005 1⁰,
372 3925 567 3993 exheredato
590 3949 689 4013 posse
710 3926 875 3993 substitui:

302 4032 352 4105 2⁰,
374 4026 636 4094 substitutionem
671 4052 737 4094 non
781 4052 853 4096 esse
885 4032 985 4119 patris
1020 4042 1269 4116 testamentum,
1312 4060 1413 4124 quum

345 4127 400 4193 ille
420 4150 479 4215 per
506 4129 742 4197 institutionem
764 4130 828 4197 sibi
859 4143 1086 4200 testamentum
1103 4134 1234 4219 iecerit,
1255 4140 1315 4205 sed
1346 4163 1412 4227 pu-

343 4230 430 4317 pilli:
453 4230 544 4297 cuius
565 4253 644 4297 uero
665 4232 705 4298 sit
723 4243 969 4316 testamentum,
993 4235 1063 4303 eius
1084 4247 1117 4303 et
1136 4242 1412 4310 testamentariam

338 4332 549 4400 hereditatem
572 4355 644 4401 esse
665 4334 802 4403 debere:
