3067 5117
1238 380 1295 446 145

242 526 417 611 Quaeritur
444 526 572 613 itaque,
607 527 762 614 quidnam
789 531 907 597 rectius
939 532 980 597 de
1010 532 1073 599 hoc
1101 532 1171 597 iure
1200 530 1295 594 statui

133 652 236 715 posse
259 628 418 694 uideatur.
460 630 536 711 Qua
556 630 589 693 in
612 653 665 707 re,
697 653 795 714 quum
824 630 907 696 latus
934 634 1139 699 coniectandi
1161 654 1293 717 campus

133 741 261 816 pateat,
279 732 443 796 ueteribus
464 730 764 815 recentioribusque
787 732 956 798 conatibus
978 746 1124 799 nostram
1155 741 1293 819 quantu-

131 832 329 917 lamcunque
363 832 483 899 addere
503 833 600 897 liceat
622 833 822 918 opinionem.

238 933 376 998 Videtur
391 944 508 1012 autem,
530 934 619 1019 quod
633 935 666 998 in
681 934 825 999 fontibus
840 936 959 1001 nostris
976 938 1116 1003 occurrit
1131 938 1180 1001 ius
1198 935 1291 1001 altius

128 1033 267 1098 tollendi
290 1033 453 1119 duplicem
475 1034 595 1099 habere
619 1036 909 1121 significationem:
931 1048 985 1102 aut
1009 1038 1095 1102 onim
1117 1038 1223 1123 ipsum
1245 1047 1292 1100 est

130 1135 182 1199 ius
206 1134 300 1199 altius
321 1134 457 1199 tollendi
475 1135 508 1198 in
531 1135 676 1199 dominio
698 1138 869 1215 consitum,
900 1161 964 1223 quo
988 1162 1064 1204 casu
1085 1137 1221 1201 multum
1241 1134 1292 1197 di-

132 1247 197 1300 stat
219 1260 238 1300 a
260 1235 433 1312 seruitute,
460 1236 548 1321 quod
572 1236 654 1302 infra
677 1236 856 1302 accuratius
878 1239 1061 1305 uidebimus
1083 1241 1114 1323 ᾗ.
1138 1241 1185 1305 ll.
1208 1248 1239 1301 et
1260 1238 1315 1319 §.·

129 1339 195 1414 33„
223 1348 277 1401 aut
304 1358 381 1401 uere
420 1335 608 1402 seruitutum
646 1336 817 1423 analogiae
845 1340 970 1405 subest:
1007 1351 1136 1405 actum
1162 1337 1293 1424 quidem

131 1448 224 1503 certa
245 1448 277 1503 et
296 1448 465 1504 constante
487 1438 621 1503 notione
643 1449 730 1504 caret
751 1439 916 1525 uariisque
948 1464 988 1506 ex
1017 1440 1140 1506 caussis
1172 1460 1292 1503 nomen

132 1540 270 1625 accepit.

237 1642 384 1707 Primum
406 1641 492 1707 enim
512 1638 576 1706 hoc
598 1642 735 1707 concedi
756 1653 864 1728 potest
884 1644 1146 1710 Vinculaovlo:

241 1743 433 1821 Seruitutcs,
447 1765 546 1828 quum
555 1742 871 1822 indiuiduaeessent,
886 1746 956 1810 fieri
972 1744 1120 1819 debebat,
1137 1742 1232 1807 utuel
1242 1752 1292 1805 to-

130 1859 183 1912 tae
195 1855 374 1921 manerent,
397 1843 450 1909 uel
462 1857 548 1909 totae
569 1844 770 1921 tollerentur,
792 1844 908 1931 siquid
929 1846 1007 1908 noui
1016 1844 1057 1908 de
1078 1844 1117 1907 iis
1135 1844 1218 1907 inter
1240 1842 1290 1906 ui-

131 1949 227 2013 cinos
247 1945 448 2012 conueniret.
497 1946 566 2010 Iam
587 1944 695 2029 finge,
718 1945 859 2031 aliquem
887 1946 1073 2010 seruitutem
1096 1944 1227 2020 habere,
1249 1966 1290 2006 ne

132 2049 311 2114 luminibus
332 2046 399 2111 suis
423 2045 591 2110 officiatur.
638 2045 723 2128 Qui,
755 2069 855 2131 quum
879 2046 999 2109 lumine
1022 2055 1145 2110 tantum
1171 2044 1290 2129 exiguo

133 2174 219 2237 opus
231 2149 364 2214 haberet
372 2196 381 2225 ‚
404 2148 455 2212 ius
476 2148 584 2213 uicino
606 2147 710 2212 uoluit
733 2149 931 2223 concedere,
956 2161 991 2211 ut
1010 2146 1057 2210 X.
1075 2146 1176 2233 pedes
1198 2146 1292 2211 altius

133 2252 251 2316 tollere
272 2263 396 2337 posset.
437 2250 513 2313 Hoc
537 2249 581 2314 ita
602 2249 673 2314 fieri
693 2251 818 2336 potuit,
841 2262 876 2313 ut
900 2246 1086 2313 seruitutem
1108 2249 1294 2323 remitteret,

131 2353 193 2418 sed
214 2362 310 2437 pacto
331 2362 492 2416 conuento
515 2363 688 2436 postquam
707 2350 874 2437 X.pedes
896 2350 989 2415 altius
1017 2336 1102 2413 esset
1126 2348 1297 2425 sublatum,

134 2456 245 2519 denuo
280 2453 343 2517 sibi
367 2452 627 2516 constituendam
659 2462 803 2528 curaret,
836 2450 973 2527 uelim,
1007 2459 1130 2514 utnon
1159 2450 1295 2515 remissa

134 2556 290 2621 seruitute
318 2553 368 2617 ius
397 2552 485 2617 aliud
514 2552 679 2637 quoddam
713 2553 804 2619 iuxta
836 2577 908 2618 eam
938 2552 1093 2617 exsistere
1121 2562 1294 2637 pateretur,

135 2679 202 2741 quo
225 2678 293 2720 non
321 2653 452 2739 quidem
473 2653 639 2719 tolleretur
660 2654 719 2719 sed
747 2660 952 2720 coerceretur
980 2654 1118 2719 seruitus
1148 2676 1216 2730 sua,
1236 2676 1295 2718 ue·

133 2758 194 2821 luti
217 2755 374 2831 seruitus,
396 2777 437 2818 ne
457 2753 634 2818 luminibus
652 2753 822 2833 officiatur,
844 2754 914 2819 iure
934 2754 981 2817 X.
990 2755 1091 2839 pedes
1113 2754 1208 2819 altius
1231 2753 1294 2819 tol-

134 2853 236 2918 lendi.
284 2853 329 2919 Et
358 2853 420 2920 tale
454 2854 503 2918 ius
536 2855 723 2921 aduersario
753 2878 952 2920 concessum.
976 2855 1052 2921 licet
1073 2855 1190 2920 effectu
1217 2854 1296 2919 nihil

136 2953 226 3019 aliud
253 2965 356 3031 esset,
391 2953 454 3018 nisi
491 2956 654 3021 seruitutis
685 2957 852 3021 cuiusdam
882 2955 1001 3041 prioris
1032 2956 1297 3041 circumscriptio,

135 3056 314 3142 improprie
336 3065 444 3120 tamen
475 3066 507 3120 et
534 3055 640 3140 ipsum
668 3056 752 3121 inter
781 3057 951 3121 seruitutes
972 3056 1078 3141 potuit
1104 3058 1296 3135 enumerari,

137 3180 204 3242 quo
226 3157 336 3220 nescio
357 3180 398 3220 an
421 3155 557 3220 multum
576 3157 764 3234 contulerit,
795 3156 884 3241 quod
910 3180 950 3221 cx
971 3166 1082 3221 nostra
1105 3158 1218 3222 saltem
1237 3158 1297 3222 do·

139 3257 243 3321 ctrina
276 3257 316 3321 de
342 3257 411 3321 iure
440 3257 496 3323 tali
530 3257 730 3323 confessorie
759 3258 925 3343 agebatur.
972 3258 1082 3341 Quum
1106 3281 1185 3322 uero
1215 3258 1298 3323 actio

139 3357 359 3434 confessoria‚
391 3357 480 3442 quod
510 3358 594 3423 infra
619 3359 821 3436 uidebimus,
857 3359 920 3425 κατ’
944 3360 1049 3443 tto-pla
1079 3358 1119 3423 sit
1148 3359 1230 3428 actio
1258 3359 1298 3423 de

139 3459 349 3524 seruitutibus
371 3459 511 3544 prodita,
534 3458 686 3523 facillime
707 3460 779 3524 fieri
799 3460 914 3545 potuit,
936 3474 970 3524 ut
990 3460 1062 3525 uice
1081 3482 1186 3536 uersa,
1211 3461 1299 3545 quod

138 3582 201 3645 per-
221 3559 452 3625 confessoriam
475 3560 704 3638 uindicaretur,
725 3561 864 3624 seruitus
882 3560 1058 3646 improprio
1073 3560 1299 3645 appellaretur.

245 3661 362 3746 Neque
384 3674 491 3726 tamen
514 3662 706 3748 putauerim,
730 3661 918 3725 seruitutem
940 3661 1033 3724 altius
1056 3660 1192 3725 tollendi
1215 3684 1300 3725 sem-

140 3785 202 3848 per
228 3761 303 3826 hinc
328 3762 436 3827 lucem
456 3762 619 3847 accipere:
651 3761 815 3847 quaeritur
842 3761 968 3845 itaque,
996 3785 1073 3826 num
1102 3762 1300 3825 credendum

139 3864 184 3928 sit
200 3864 261 3940 iis,
295 3864 447 3949 quicum
472 3862 654 3949 praeceptis
677 3862 756 3926 iuris
778 3861 901 3947 publici
930 3873 1048 3927 certam
1070 3862 1205 3927 aedibus
1228 3863 1299 3927 alti-

140 4068 343 4079 ...ω-...-

139 4215 244 4271 cuerat,
265 4210 313 4257 sed
332 4208 366 4256 de
385 4207 427 4255 his
447 4220 482 4255 ex
497 4205 624 4266 analogia
643 4219 698 4255 ser·
751 4202 816 4254 duni
834 4203 943 4255 uidetur
963 4220 1033 4255 esse.

137 4300 236 4349 uitutia
261 4300 342 4349 altius
363 4314 421 4349 non
439 4297 555 4347 tollendi
578 4298 697 4346 iudican-
