3067 5117
293 405 354 478 21⁶

292 581 384 625 reum
405 581 477 626 sse
497 558 667 645 possidere
685 558 850 635 intendat,
882 558 1072 624 intentionis
1095 557 1191 624 huius
1222 555 1370 644 probatio
1391 555 1439 620 in·

294 661 440 738 cumbet,
462 657 601 724 iamdiu
624 657 794 743 explosam
813 677 885 720 esse
905 666 1075 741 putamus:
1103 682 1138 723 re
1159 681 1239 724 uera
1258 656 1358 730 enim,
1388 655 1441 739 qui

292 760 411 826 iniuste
439 784 459 826 a
486 782 521 825 se
549 758 771 824 aduersarium
802 754 971 840 possidere
1003 757 1098 836 dicit,
1126 758 1213 822 ‘nihil
1248 756 1315 842 agit
1346 755 1440 831 aliud,

293 883 389 946 quam
411 861 456 938 is,
486 859 542 944 qui
564 858 752 946 simpliciter
774 867 883 942 negat,
906 856 937 922 ci
957 857 1056 923 licere
1076 856 1257 944 possidere.
1300 855 1351 921 Of.
1368 858 1440 920 Hv-

292 978 491 1026 rnnsumvs
513 961 616 1046 pas,
637 961 890 1028 Vonnssourvs
912 957 1014 1042 §.12.‚
1035 958 1210 1044 praecipue
1228 959 1439 1023 Tnoussrvs

292 1062 324 1144 §.
345 1063 407 1138 22,
429 1072 460 1126 et
481 1060 627 1126 similiter
654 1059 694 1125 de
724 1081 762 1124 eo
782 1057 991 1124 iudicandum
1012 1069 1077 1137 est,
1101 1060 1157 1144 qui
1179 1059 1224 1137 ui,
1246 1058 1348 1134 clam,
1370 1078 1441 1142 pre-

293 1163 397 1239 cario,
426 1162 505 1226 uitio
534 1163 642 1247 itaque
663 1161 736 1247 ipso
761 1160 981 1245 possessionis
1007 1161 1195 1237 nominato,
1224 1159 1442 1224 aduersarium

292 1261 458 1328 contendit
480 1262 660 1349 possidere.
694 1259 745 1326 Cf.
770 1261 983 1327 Tuounslvs
1004 1263 1058 1345 ὃς.
1078 1263 1128 1329 23.
1148 1263 1215 1338 24,
1236 1261 1442 1326 summun-

291 1382 357 1428 rvs
378 1364 409 1446 S.
431 1365 493 1440 25„
514 1365 774 1429 Hvuuusuorvs
795 1386 828 1448 p.
849 1364 918 1440 83,
940 1363 1147 1428 Znorrstuns
1170 1362 1201 1444 S.
1222 1364 1271 1438 3.,
1290 1364 1441 1426 Krumvs

290 1489 323 1550 p.
346 1465 486 1548 20453.)
526 1465 640 1548 Itaque
662 1484 760 1549 porro
783 1463 818 1526 id
838 1463 966 1528 uidetur
986 1485 1059 1528 esse
1080 1462 1259 1548 agendum,
1287 1474 1325 1527 ut
1352 1486 1444 1549 prora

290 1589 346 1631 sus
374 1566 472 1632 alieni
498 1589 518 1630 a
544 1564 684 1650 partium
714 1563 821 1629 studio
851 1587 977 1628 summa
1002 1575 1192 1649 arguments
1210 1588 1270 1650 pro
1294 1565 1442 1630 omnibus

289 1667 359 1731 istis
385 1666 564 1732 rationibus
592 1665 719 1751 prolate
740 1665 962 1730 examinemus
991 1665 1198 1749 grauioribus
1219 1668 1350 1733 minora
1367 1667 1441 1731 sub-

288 1777 465 1832 sumentes:
502 1788 566 1850 quo
595 1767 679 1831 facto
710 1765 914 1843 uidebimus,
949 1766 983 1829 in
1012 1766 1175 1830 infinitum
1202 1767 1253 1833 his
1281 1768 1440 1834 derebus

288 1890 386 1954 posse
413 1867 544 1944 certari,
575 1866 639 1931 nisi
659 1867 687 1930 si
717 1865 875 1952 neglectis
908 1866 1059 1931 omnibus
1093 1867 1163 1932 istis
1195 1869 1376 1947 ratiociniis
1402 1869 1440 1934 ad

288 1991 402 2034 uerum
422 1979 454 2032 et
476 1965 710 2032 lucidissimum
738 1966 860 2031 fontem
884 1979 1084 2046 recurratur,
1118 1966 1274 2036 formulas
1304 1971 1379 2036 dico
1408 1970 1439 2034 in

288 2070 420 2154 antiquo
442 2068 636 2134 iudiciorum
657 2068 772 2134 ordine
792 2067 935 2133 usitatas.

763 2363 963 2375 m

831 2656 863 2738 §-
882 2656 932 2724 24.

456 2838 510 2889 ΙΙΙ.
547 2837 715 2900 QVISNAM
735 2839 795 2890 SIT
813 2839 1005 2892 EFFECTVS
1023 2839 1271 2893 POSSESSORII.

393 3005 653 3072 Gnvuourvuet
668 3007 894 3074 Soflnrrmvu
915 3028 954 3072 eo
977 3030 997 3071 a
1015 3006 1149 3092 reliquis
1161 3005 1332 3072 discedere
1354 3005 1434 3070 uidi-

285 3127 371 3182 mus,
394 3106 483 3190 quod
504 3108 660 3173 interesse
686 3107 810 3192 aliquid
838 3108 921 3172 inter
948 3130 1039 3184 eum,
1071 3107 1126 3192 qui
1154 3109 1361 3194 possessorio
1388 3108 1434 3170 iu-

284 3206 369 3272 dicio
399 3207 531 3284 uicerit,
561 3218 592 3272 et
618 3207 674 3292 qui
703 3207 892 3294 simpliciter
922 3209 1106 3294 possideat,
1145 3210 1230 3275 serio
1259 3208 1433 3274 statuerint.

283 3307 346 3372 His
368 3307 495 3373 duobus
516 3308 596 3373 uiris
636 3332 719 3396 opus
742 3320 808 3386 est,
845 3319 881 3372 ut
910 3309 1039 3373 tertium
1068 3310 1290 3388 conferamus,
1323 3308 1434 3395 quiin

283 3407 490 3474 seruitutibus
512 3420 543 3474 et
557 3411 784 3496 personalibus
807 3408 909 3486 otiis,
933 3431 1069 3494 quarum
1091 3413 1279 3477 exercitium
1300 3411 1335 3475 in
1355 3419 1433 3474 statu

284 3508 425 3593 quodam
437 3520 587 3576 manente
607 3511 772 3588 consistat,
793 3510 970 3575 immunem
989 3510 1028 3575 ab
1050 3533 1149 3577 onere
1165 3511 1328 3597 probandi
1349 3533 1434 3576 reum
1526 3554 1527 3585 1

283 3610 426 3688 censuit,
458 3611 504 3675 in
531 3612 665 3697 reliquis
696 3612 963 3699 distinguendum
991 3635 1063 3677 esse
1090 3614 1235 3700 putauit,
1266 3623 1373 3678 utrum
1402 3611 1433 3674 in
1526 3600 1527 3633 ³

280 3711 486 3797 possessorio
507 3712 636 3791 uicerit,
658 3735 718 3778 nee
741 3736 799 3789 ne,
820 3713 998 3778 Fsslrzlvsr
1018 3715 1092 3779 dico
1116 3738 1149 3801 p.
1168 3715 1249 3782 370..

387 3813 537 3896 Quorum
584 3815 667 3880 inter
716 3814 891 3880 sententias
930 3814 1102 3900 plurimam
1143 3815 1302 3881 rationem
1341 3814 1432 3880 habet

281 3913 605 4002 San1Tu11p.23.,
627 3915 683 4001 qui
705 3927 791 3982 certe
819 3937 898 3982 sano
922 3915 1033 3982 nititur
1060 3915 1287 3984 fundamento:
1319 3917 1430 3997 „idem

315 4101 514 4116 ——n———qn

316 4221 360 4288 ⁵²)
386 4227 428 4276 De
457 4225 583 4290 repositis
603 4223 766 4291 quibusdam
783 4239 830 4276 uc·
882 4238 1006 4281 Lusnrvs
1028 4241 1054 4293 p.
1075 4223 1125 4283 ⁷5..

276 4323 364 4368 terum
381 4319 554 4384 opinionibus
574 4319 607 4371 cs.
626 4318 707 4369 etism
734 4321 831 4371 Hm·
