3067 5117
284 421 326 493 24

289 580 451 647 statuant,
490 579 525 635 ut
558 590 687 657 semper
717 568 752 634 in
782 566 1010 635 substitutione
1048 564 1177 651 uulgari
1207 564 1445 631 confundantur

288 670 437 760 singulae
457 670 637 759 portiones.
683 670 791 755 Quam
822 669 1015 735 sententia-m
1036 665 1081 732 ita
1112 688 1186 732 cum
1214 667 1255 733 Ia
1286 669 1314 736 1.
1340 668 1372 753 S.
1397 670 1443 735 13.

288 772 582 851 consociauerunt,
604 782 639 837 ut
660 770 693 835 in
713 770 888 858 posteriori
912 770 982 835 eius
1000 779 1093 855 parte
1122 791 1190 833 uon
1217 769 1259 835 de
1289 769 1441 836 substitu-

287 876 395 954 tione,
419 872 477 939 sed
499 873 541 940 de
563 874 633 939 inre
653 871 863 939 accrescendi
880 870 982 937 uerba
1001 872 1073 937 fieri
1089 872 1330 958 proposuerint.
1353 874 1443 937 Haec

287 978 332 1045 ita
351 976 497 1043 lecerunt
516 974 639 1039 Fauna
653 972 802 1039 Coniect.
822 974 882 1040 IV.
905 975 965 1049 13,
986 973 1063 1058 (sed
1082 995 1150 1039 nou
1169 973 1304 1057 tenuit),
1323 974 1443 1039 Horr-
1491 994 1496 1001 ·

286 1096 430 1147 usurus
452 1074 868 1163 p.385.,nsnnrs1vsin
891 1072 998 1141 lexico
1021 1076 1152 1162 ρ.317.,
1179 1075 1391 1143 Srauvunvs
1412 1099 1443 1162 p.

288 1182 354 1259 18.,
395 1182 641 1246 Hsmnmnvs
668 1201 701 1266 p.
729 1177 813 1245 429..
876 1174 929 1243 et
954 1175 1109 1243 Pronus
1138 1200 1172 1264 p.
1193 1176 1275 1255 ⁴81,
1318 1178 1375 1262 qui
1391 1177 1444 1243 uel

288 1282 507 1350 coniecturam
528 1302 568 1349 eo
590 1280 665 1345 loco
687 1278 860 1366 proponit,
882 1288 918 1342 ut
938 1276 1066 1363 legatur
1101 1278 1202 1364 „qui
1222 1278 1443 1344 omiserit“

286 1407 347 1473 pro
388 1382 732 1463 „si,omiserit,“
784 1402 868 1465 qua.
887 1388 974 1447 certe
1016 1378 1140 1467 aliquid
1170 1378 1212 1446 ad
1242 1380 1445 1465 probandam

286 1487 371 1554 hano
393 1484 585 1553 sententiam
606 1484 829 1570 proficeretur.

392 1587 461 1656 Sed
483 1598 618 1673 utraque
649 1608 762 1651 eorum
793 1584 954 1649 sententia
987 1583 1158 1651 claudicat.
1216 1580 1318 1665 Quod
1358 1581 1445 1647 enim

286 1697 545 1778 proposuerunt,
574 1710 703 1773 semper
729 1687 763 1751 iu
789 1686 1018 1753 substitutione
1045 1686 1175 1774 uulgari
1200 1682 1445 1752 contundendas

288 1809 361 1854 esse
382 1788 569 1875 portiones,
593 1788 723 1855 solitam
743 1797 890 1853 ueterum
912 1787 1206 1854 iureconsultorum
1236 1786 1271 1850 in
1290 1785 1353 1852 hac
1367 1786 1444 1851 iuris

285 1900 379 1978 parta
399 1890 674 1977 interpretationis
695 1889 857 1955 rationem
878 1888 1088 1957 uehementer
1101 1889 1278 1978 perturbat.
1318 1890 1443 1955 Recur-

285 2015 394 2059 ramus
415 1993 595 2083 paullisper
627 1992 668 2059 ad
690 2014 729 2057 ea
751 2013 835 2075 quae
855 1989 895 2055 ab
917 1989 1010 2057 initio
1040 1992 1322 2059 commentationis
1349 1991 1443 2057 huius

286 2095 511 2182 exposuimus,
542 2094 742 2160 uoluntatem
769 2091 932 2157 testatoris
969 2092 1127 2180 imprimis
1164 2116 1237 2161 esse
1265 2095 1443 2181 respicien-

286 2193 372 2261 dam.
412 2196 483 2262 lam
503 2197 607 2273 enim,
637 2196 694 2281 qui
715 2193 835 2259 lautum
856 2214 928 2259 esse
947 2206 1120 2280 putemus,
1148 2206 1184 2261 ut
1203 2207 1338 2263 testator
1360 2220 1442 2276 eum,

285 2318 383 2382 quem
410 2296 456 2363 ita
490 2296 620 2375 dilexit,
658 2306 694 2360 ut
726 2294 912 2381 portionem
951 2297 983 2361 ci
1012 2296 1149 2364 liberam
1176 2298 1361 2385 reliquerit,
1393 2324 1442 2378 eo,

285 2396 375 2483 quod
397 2396 551 2465 euberedi
571 2399 704 2487 insuper
726 2419 802 2463 eum
822 2396 1003 2479 substituit,
1021 2422 1132 2465 rursus
1150 2400 1343 2467 detrimento
1374 2402 1442 2467 alfi-

285 2520 359 2565 care
379 2497 541 2568 uoluerit?
581 2502 667 2568 Num
689 2499 850 2578 dicemus,
868 2522 1012 2586 unquam
1032 2501 1251 2588 perniciosam
1271 2526 1345 2569 esse
1366 2503 1442 2569 sub·

284 2600 396 2666 stituto
418 2600 702 2670 substitutionem?
743 2600 901 2667 Miniml
940 2602 1010 2670 Sed
1029 2601 1094 2669 hoc
1115 2615 1182 2682 est,
1212 2603 1301 2689 quod
1322 2626 1364 2670 ex
1384 2604 1443 2669 hac

284 2700 359 2787 lege
384 2701 576 2789 interpretes
603 2704 651 2770 illi
681 2714 852 2770 eruerunt:
888 2703 1151 2771 substitutionem
1185 2705 1348 2771 interdum
1376 2729 1442 2771 uon

282 2802 444 2889 prolicere
466 2804 659 2883 substituto,
681 2804 758 2870 dum
780 2815 889 2871 tamen
913 2805 1041 2871 adiutus
1056 2817 1160 2885 esset,
1182 2807 1210 2872 si
1229 2807 1300 2873 iure
1314 2830 1441 2875 accres-

285 2898 541 2974 condicendam
567 2908 752 2996 portionem
784 2916 950 2973 assecutus
981 2908 1076 2975 foret.
1134 2908 1302 2994 Malignus
1333 2909 1441 2995 itaque

283 3004 343 3072 luit
363 3009 515 3075 testatori

390 3110 511 3194 Quoad
533 3120 640 3177 autem
660 3109 794 3177 alteram
814 3108 1092 3198 interpretationis
1112 3109 1201 3176 illius
1231 3121 1359 3197 partem
1392 3112 1440 3179 di·

284 3211 424 3279 oeudum
440 3222 498 3291 est,
521 3212 674 3300 grauiora
696 3211 828 3297 quidem
847 3212 978 3301 inipso
1005 3211 1166 3277 sententia
1194 3234 1351 3300 expressa
1375 3238 1441 3279 nou

286 3336 457 3381 cucumere
476 3313 729 3401 impedimenta,
768 3337 826 3380 cur
851 3313 894 3381 de
921 3314 991 3380 iure
1017 3313 1227 3379 accrescendi
1266 3315 1441 3401 posteriori

282 3414 324 3481 L.
359 3416 386 3482 1.
416 3416 448 3497 S.
479 3416 527 3482 13.
565 3426 658 3503 parte
698 3425 805 3481 actum
846 3438 919 3481 esse
954 3424 1114 3499 nequeat,
1154 3414 1213 3481 sed
1255 3416 1440 3503 quicunque

284 3526 492 3605 praesumpta
514 3538 582 3583 nou
597 3516 750 3583 laborans
776 3515 933 3603 opinione
955 3516 997 3581 ad
1016 3516 1126 3603 legem
1152 3515 1237 3583 hauc
1258 3521 1439 3597 accesserit,

282 3617 316 3687 id
346 3628 433 3685 certe
464 3617 641 3696 concedet,
680 3640 747 3683 uon
776 3616 876 3685 ullam
904 3618 1005 3685 luisse
1034 3618 1213 3698 rationem,
1245 3642 1303 3685 cur
1333 3620 1439 3688 subito

281 3721 452 3788 PuvLLvs
480 3720 522 3787 ad
542 3719 593 3784 ius
625 3719 833 3787 accrescendi
857 3721 1025 3800 transiret,
1048 3722 1240 3809 praesertim
1267 3744 1368 3809 quum
1399 3746 1439 3788 ne

282 3822 558 3910 comparationem
579 3820 710 3907 quidem
730 3822 879 3902 inducat,
910 3823 970 3889 sed
999 3821 1184 3890 incredibili
1214 3824 1356 3911 quadam
1380 3848 1438 3890 ue-

282 3923 442 4011 gligentia
461 3946 563 4002 usus,
591 3923 620 3987 si
647 3923 779 4010 quidem
806 3935 894 3991 recte
924 3947 982 3991 eos
1015 3925 1178 3991 iudicasse
1206 3925 1437 4003 existimemus,

280 4026 447 4111 utriusque
478 4024 600 4117 speciei
622 4025 753 4092 alteram
784 4037 908 4093 tantum
933 4035 1059 4117 partem
1081 4036 1271 4114 pertractet,
1299 4026 1437 4112 primum

283 4126 415 4213 quidem
437 4150 510 4193 eum
533 4120 662 4205 casum,
688 4128 716 4192 si
735 4128 776 4193 in·
791 4129 1020 4195 substitutione
1043 4128 1173 4215 uulgari
1195 4150 1272 4215 pars
1285 4126 1436 4193 coheredi

282 4229 463 4295 obueniens
483 4251 553 4295 uon
572 4228 667 4295 luerit
698 4242 849 4309 onerata,
870 4230 1011 4308 deinde,
1031 4230 1059 4296 si
1080 4230 1115 4297 iu
1136 4230 1206 4296 iure
1227 4227 1435 4296 accrescendi

280 4332 387 4418 portio
417 4340 551 4397 onerata
586 4342 749 4397 accrescat
779 4354 847 4398 non
873 4336 1044 4399 oneratae.
1096 4333 1191 4419 Quae
1219 4330 1434 4399 ratiocinandi
