3067 5117
1196 388 1236 455 21

166 560 202 603 an
222 534 423 623 singularum
444 536 632 623 portionum
661 535 836 623 separatim
866 558 1002 603 caussae
1032 536 1231 623 spectandae

164 637 240 703 sint?
286 638 332 701 Et
361 636 486 723 placet,
518 638 546 702 si
574 639 643 705 cius
664 660 740 725 pars
760 637 879 725 legatis
899 637 1056 706 exhausta
1077 637 1137 717 sit,
1173 640 1230 725 qui

160 740 245 807 heres
257 739 425 817 exstiterit,
447 739 594 807 adiuuari
606 739 782 827 legatarios
797 762 857 827 per
869 740 1075 808 deficientem
1090 752 1227 829 partem,

161 840 229 927 quia
249 864 287 907 ea
303 844 352 920 ¹⁸)
375 864 444 909 non
465 854 515 909 est
535 842 651 929 legatis
674 854 824 921 onerata,
847 840 924 928 quia
944 852 977 907 et
996 842 1122 931 legata,
1144 866 1229 929 qnae

157 942 237 1029 apud
251 941 409 1010 heredem
429 956 616 1023 remanent,
646 944 808 1020 efficiunt,
845 954 881 1007 ut
913 943 1029 1010 ceteris
1059 942 1226 1031 legatariis

157 1056 205 1111 aut
223 1044 303 1109 nihil
327 1046 511 1112 autminus
533 1045 735 1113 detrahatur:
758 1046 788 1112 si
806 1066 887 1111 uero
908 1044 1035 1111 deiecta
1054 1066 1131 1132 pars
1153 1044 1225 1111 iue-

153 1147 190 1211 rit
216 1146 388 1226 cxhausta,
422 1147 558 1235 perinde
595 1147 629 1213 iu
660 1171 700 1213 ca
733 1146 922 1236 ponendam
952 1146 1113 1213 rationem
1142 1146 1226 1233 legis

152 1248 333 1329 Falcidiae,
355 1258 452 1337 atque
474 1251 502 1315 si
531 1249 573 1317 ad
594 1249 703 1337 ipsum
730 1249 925 1337 pertineret,
960 1272 980 1315 a
1006 1270 1072 1334 quo
1100 1247 1227 1317 deiecta

153 1351 270 1416 fieret.“
287 1355 338 1436 ¹⁹)

171 1452 328 1521 Videmus
355 1454 482 1540 itaque,
510 1452 545 1517 in
574 1451 637 1519 hac
664 1462 756 1539 parte
782 1449 861 1516 iuris
891 1450 938 1517 ita
962 1450 1072 1537 egisse
1100 1460 1227 1517 ueteres

87 1551 322 1634 iureconsultos,
369 1566 407 1621 ut
441 1566 474 1621 et
514 1553 671 1621 heredum
705 1563 737 1619 et
775 1552 1007 1639 legatariorum
1040 1552 1227 1631 commodo,

87 1664 220 1739 quantum
239 1656 348 1744 potuit
369 1656 441 1722 fieri
461 1656 689 1735 consulerent,
712 1665 906 1723 statuentesr

117 1758 158 1835 1⁰,
177 1769 217 1823 ut
234 1759 271 1825 si
291 1779 391 1845 pars
413 1780 499 1824 non
520 1768 751 1825 onerata—
769 1757 804 1822 id
827 1768 958 1822 estnon
976 1754 1060 1820 ultra
1080 1753 1224 1821 dodran-

152 1870 211 1925 tem
241 1871 382 1927 onerata
402 1894 437 1909 ·-
457 1858 866 1935 accedatoneratae,
905 1858 1053 1945 legata
1082 1854 1225 1942 partis

148 1974 355 2029 oneratae
378 1970 582 2047 quantum
615 1960 712 2027 iieri
739 1959 879 2047 possit
900 1957 990 2022 —id
1019 1968 1069 2023 est
1100 1980 1143 2023 ex
1170 1980 1223 2034 eo,

147 2062 230 2148 quod
263 2063 358 2150 ultra
384 2061 596 2150 quadrantem
634 2060 795 2150 portionis
836 2059 1050 2127 accrescentis
1085 2058 1224 2127 liberum

146 2164 246 2252 situ)
269 2202 311 2215 -
341 2175 583 2253 augeantur.

113 2266 155 2345 2⁰,
174 2277 216 2333 nt
235 2268 272 2333 si
293 2265 487 2354 portioni
513 2287 595 2333 non
625 2275 833 2333 oneratae
862 2274 1088 2334 accrescat
1120 2286 1223 2331 one·-

144 2379 244 2447 rata,
265 2367 676 2455 heressimpliciter
704 2367 936 2435 coheredis
967 2364 1222 2435 deficientis

144 2470 234 2539 uice
268 2468 393 2556 iungi
424 2478 611 2557 putetur,
654 2469 714 2535 ita
745 2481 791 2535 ut
829 2470 980 2558 legata
1009 2478 1222 2557 praestet,
1303 2535 1307 2545 ,

145 2580 303 2658 quatenus
325 2570 382 2637 ille
404 2570 551 2637 debuerit
573 2583 757 2659 praestare,
789 2570 825 2643 id
845 2582 896 2637 est
916 2594 1051 2659 nsque
1072 2569 1122 2636 ad
1144 2568 1192 2634 dc
1206 2609 1222 2623 -

145 2672 333 2739 drantem
354 2672 575 2760 portionis
598 2674 903 2741 accrescentis.

165 2774 298 2843 Eodem
317 2773 416 2842 modo
439 2774 475 2839 in
503 2776 724 2843 uindicatione
752 2776 935 2863 legatorum
960 2773 1141 2843 obtinuisse
1166 2798 1221 2841 se-

81 2874 262 2959 parationem
285 2875 474 2964 portionum
492 2877 583 2945 testis
606 2889 655 2943 est
676 2878 718 2945 L.
741 2880 770 2945 1.
789 2878 821 2963 S.
840 2880 892 2945 44.
913 2877 1007 2943 eod:

146 2978 205 3056 „Si
226 2976 400 3045 coheredis
416 2969 482 3045 inei
503 2980 610 3067 portio
641 2978 799 3047 exhausta
828 2980 886 3059 sit,
923 3002 998 3047 mea
1031 2979 1160 3066 integra
1191 2990 1224 3047 et

110 3220 148 3291 ¹⁸)
164 3224 275 3276 Rectius
293 3224 441 3287 legendum
459 3238 521 3277 esse
545 3231 613 3291 pntc
666 3226 778 3277 omnino
790 3225 916 3275 hocloco
928 3224 1030 3275 ‹ieinre
1048 3230 1220 3280 accrescendi

80 3318 207 3382 ,‚qnae,“
226 3330 311 3383 quam
322 3316 540 3369 emendationem
551 3332 614 3383 pro·
665 3323 769 3379 agatur.
787 3316 1043 3370 GtPsonnrrruvs
1056 3335 1082 3384 p.
1089 3317 1142 3375 27..
1161 3322 1220 3374 rto·

79 3408 142 3469 pouit
157 3410 364 3461 Proanrusrvs
384 3424 412 3473 p.
429 3408 482 3463 2⁹..
666 3423 701 3461 ne
720 3408 837 3459 dubitari
854 3410 963 3475 quidsun
979 3426 1064 3475 posse
1084 3414 1220 3465 existima-

108 3496 294 3567 11)Ιιιιιιςιιιιι
312 3510 362 3567 est,
384 3504 509 3555 diuersos
532 3501 615 3553 inter·
666 3516 745 3566 mas,
778 3502 843 3568 quin
859 3508 933 3553 recte
952 3504 1007 3555 ism
1024 3505 1157 3557 Glossa
1185 3508 1221 3558 ad

78 3597 168 3653 pretam
185 3595 215 3647 iu
231 3596 286 3646 hac
301 3596 362 3661 lege
374 3596 537 3662 explicanda
552 3608 614 3647 sen·
665 3594 707 3645 ins
725 3595 899 3645 accrescendi
914 3596 1006 3647 locum
1022 3574 1155 3652 retulerit.

79 3684 161 3735 unias
203 3702 371 3754 memorare,
418 3704 487 3756 quas
532 3688 615 3754 pluri·
705 3683 751 3748 ²⁰)
773 3686 864 3738 Aliter
891 3703 934 3739 me
965 3690 1054 3740 indice
1093 3691 1224 3755 explicari

79 3772 119 3824 bns
141 3780 268 3844 exponit
295 3780 504 3835 Pronururuvs
534 3783 557 3846 5.
582 3782 617 3846 5.,·
667 3778 762 3843 nequit
791 3793 850 3831 nox
877 3781 1105 3846 ,‚a‹iinnari‚“
1129 3781 1222 3849 itaque

80 3881 146 3929 quen
185 3873 386 3925 consuieudnm
425 3873 616 3941 proponimus.
667 3886 809 3937 perperam
821 3878 888 3936 puto
901 3873 1005 3939 egisse,
1021 3875 1068 3941 qni
1083 3876 1222 3940 plenam

80 3958 113 4010 Gt
127 3961 292 4018 Hvscnxrvs
320 3967 384 4019 Vol.
402 3968 466 4019 VII.
493 3982 520 4033 p.
543 3965 614 4021 2⁰3..
668 3962 823 4025 faciendam
842 3979 904 4027 esse
929 3968 1157 4021 contributiouem
1184 3981 1221 4019 ex
1277 4026 1281 4033 ¹

80 4050 191 4107 Ceterum
218 4072 343 4110 mursam
373 4059 537 4123 disparitatis
565 4060 616 4111 hac
666 4056 802 4106 hocloco
823 4059 982 4125 statuerint,
999 4076 1080 4127 qnam
1099 4060 1123 4110 si
1140 4074 1219 4125 prae-

79 4144 129 4207 ltsse
147 4154 292 4215 expressae
325 4152 464 4215 eleganter
493 4150 624 4202 exhibuit.
668 4149 822 4212 scripsisset
849 4150 941 4211 (ima
966 4153 1119 4209 &sanctim
1151 4166 1219 4217 pro·

80 4236 212 4297 Ktmrvs
231 4259 259 4309 p.
279 4241 331 4295 31..
374 4244 467 4297 Verbo
493 4242 616 4307 attigisse
666 4241 710 4291 cul
729 4239 1028 4297 dnbioioentnsessat.
1052 4245 1220 4297 Ci.Proan·

80 4330 178 4386 mfficiat
195 4335 410 4391 connsuersism
431 4337 520 4399 illam,
549 4351 615 4387 num
665 4346 770 4383 snaivs
786 4348 816 4410 p.
837 4319 919 4385 itt..⁸
994 4381 998 4387 ,
1034 4396 1038 4403 ¹
