3067 5117
276 378 335 447 12⁴

379 527 535 615 Denique
554 528 688 595 maximi
715 537 764 594 est
785 526 961 605 momenti,
990 538 1024 593 ut
1049 528 1206 608 sciamus,
1235 538 1341 595 utrum
1362 528 1427 593 dies

275 627 459 712 legatorum
487 654 507 695 a
534 630 707 697 substituto
736 629 887 694 datorum
916 640 1057 695 anrorte
1085 629 1179 695 cedat
1207 629 1367 695 testatoris
1388 653 1426 694 au

276 728 405 815 pupilli,
427 741 460 796 et
481 730 569 811 inde,
583 730 670 817 quod
692 740 786 817 pater
807 729 848 795 de
871 750 932 795 suc
955 731 1052 815 legat,
1076 743 1163 796 recte
1185 731 1426 806 conficeremus,

276 840 419 895 amone
439 833 539 918 patris
559 831 695 909 cedere,
721 831 830 917 itaque
852 830 951 897 uitam
973 831 1090 917 pupilli
1117 830 1196 895 nihil
1219 853 1293 897 esse
1313 830 1377 895 nisi
1396 830 1427 893 in

275 930 427 997 adeunda
436 931 614 999 hereditate
625 934 865 999 cunctationem
879 930 1042 1017 quandam
1054 931 1218 1018 —pupilli
1238 931 1326 996 enim
1344 953 1427 997 mors

276 1031 422 1097 conditio
448 1032 604 1110 habetur,
626 1055 710 1118 quae
738 1034 834 1099 tacite
855 1032 951 1110 inest,
979 1032 1021 1097 1..
1042 1036 1072 1099 7.
1101 1034 1132 1115 S.
1153 1036 1184 1099 5.
1206 1032 1338 1118 quando
1362 1033 1427 1098 dies

274 1131 373 1218 legat..
381 1132 564 1214 (XXXVI,
572 1134 665 1213 2.)-
677 1134 737 1199 sed
747 1132 937 1199 certissimis
953 1154 1085 1218 quoque
1101 1133 1212 1219 legum
1231 1133 1427 1218 argumentis

275 1231 356 1299 haee
378 1234 539 1301 sententia
558 1235 800 1321 comprobatur.
848 1235 889 1299 L.
913 1236 941 1299 1.
963 1232 1094 1318 quando
1117 1233 1203 1299 dies:

354 1336 488 1403 Mortuo
510 1346 619 1423 patre,
648 1336 724 1403 licet
750 1336 829 1401 uiuo
856 1333 982 1422 pupillo
1011 1332 1080 1399 dies
1108 1334 1290 1421 legatorum
1318 1337 1427 1425 ausub-

352 1436 463 1503 stitutc
484 1439 634 1503 datorum
654 1436 774 1503 ecdit.“

277 1533 330 1601 cf.
350 1538 392 1603 L.
412 1541 443 1606 7.
463 1540 496 1623 S.
516 1541 548 1607 3.
567 1540 599 1607 l.
618 1539 651 1606 5.
673 1536 766 1603 eod:

355 1640 459 1718 „Inde
489 1639 643 1707 dicimus:
682 1641 728 1707 Et
755 1638 785 1702 si
812 1636 1020 1703 asubstituto
1043 1636 1187 1723 legatum
1209 1639 1252 1705 sit
1271 1641 1428 1721 relietum,

354 1739 508 1827 quamdin
530 1740 693 1805 institutus
715 1738 890 1815 deliberat,
919 1737 1070 1805 defuneto
1097 1738 1255 1824 legatario
1278 1765 1348 1807 non
1370 1766 1428 1808 no·

353 1840 454 1919 cebit,
475 1841 535 1908 sed
555 1850 672 1927 postea
690 1839 786 1906 heres
807 1839 971 1905 institutus
990 1840 1191 1927 repudiauit,
1212 1863 1289 1907 nam
1312 1841 1354 1909 ad
1374 1842 1429 1909 he-

265 2002 269 2010 .
352 1943 463 2009 redem
484 1964 579 2008 suum
601 1941 799 2007 transtulerit
817 1940 1016 2027 petitionem.
1048 1942 1264 2009 Tantumdem
1288 1955 1322 2009 et
1343 1944 1428 2011 siah

354 2042 531 2129 impuberis
553 2042 725 2109 substituto
746 2043 894 2130 legetur,
925 2065 1000 2109 nam
1029 2044 1071 2109 ad
1090 2043 1244 2109 heredem
1266 2066 1365 2111 suum
1383 2044 1428 2111 le·

353 2156 464 2231 gutum
482 2143 641 2210 transfert.
682 2144 830 2211 Tractari
852 2155 960 2211 tamen
980 2154 1099 2230 potest,
1120 2144 1148 2209 si
1167 2144 1333 2232 impuberi
1354 2145 1428 2211 snb·

353 2246 481 2311 stitutus
499 2243 670 2310 damnatus
690 2245 742 2323 sit,
761 2247 791 2311 si
812 2246 897 2313 intra
917 2244 1120 2331 pubertatem
1136 2244 1223 2312 filius
1243 2245 1427 2323 decesserit,

352 2346 432 2415 Seio
455 2354 584 2413 centum
597 2344 687 2423 dare,
709 2370 751 2411 an
772 2346 851 2411 uiuo
870 2346 997 2433 pupillo
1015 2346 1184 2413 defunctus
1204 2348 1303 2415 Seius
1325 2358 1427 2415 trans·
1527 2388 1528 2431 3

353 2449 451 2525 ierat,
481 2445 574 2531 quasi
604 2468 644 2511 ea
670 2445 815 2512 conditio
842 2447 883 2513 sit
907 2468 1079 2533 expressa,
1106 2470 1188 2533 quae
1215 2448 1343 2517 inerat?
1387 2450 1428 2515 Et
1527 2434 1528 2509 l

354 2549 459 2636 magia
486 2557 549 2621 est,
571 2546 614 2613 sd
631 2546 786 2613 heredem
807 2547 956 2634 legatarii
978 2547 1148 2615 transire.“

375 2652 430 2717 De
466 2659 535 2715 tcta
567 2648 629 2714 hac
663 2649 855 2735 quaestione
892 2648 1076 2715 conferatur
1108 2651 1325 2718 Hvscfflnvs
1352 2651 1425 2719 Vol.

272 2753 346 2820 Vll.
370 2774 404 2839 p.
423 2753 474 2819 54.
496 2773 600 2837 seqq..
