3067 5117
1226 403 1248 469 5

136 555 183 633 3⁰,
203 553 411 621 substitutum
430 554 606 624 succedere
628 556 663 623 in
674 556 830 625 uniuersa
845 554 1073 643 pupillibona,
1091 554 1189 623 etiam
1210 554 1246 622 in

176 678 233 735 ea,
254 679 340 744 quae
360 668 594 745 postmortem
615 658 716 747 patris
737 656 794 725 ille
817 657 1014 746 acquisierit.

191 758 325 827 Deinde
347 759 516 839 concedit,
538 759 654 829 latiore
677 760 809 848 quidem
831 780 931 826 sensu
950 756 1242 846 pupillaritersub·

102 860 231 927 stitutum
251 860 355 948 patris
377 885 508 951 quoque
523 861 679 931 heredem
699 862 764 929 dici
786 884 907 949 posse,
927 860 1049 949 quippe
1071 859 1163 927 cuius
1183 858 1243 926 be·

101 962 203 1028 ncdcio
231 963 351 1050 pupilli
378 963 472 1032 heres
494 964 597 1032 iectus
620 965 680 1031 site
717 964 841 1031 nemini
870 973 978 1031 tamen
1006 974 1153 1030 ueterum
1183 985 1243 1028 uc·

100 1064 174 1131 nisse
192 1063 226 1131 in
246 1081 409 1146 mentem,
433 1066 598 1146 dubitare,
639 1067 718 1156 quin
745 1065 947 1155 pupillariter
969 1064 1158 1131 substitutus
1180 1063 1244 1129 soli

99 1166 246 1253 impuberi
264 1168 436 1255 proximus
457 1192 495 1236 ac
516 1168 649 1256 proprie
669 1168 775 1236 dictus
795 1168 891 1234 heres
913 1165 1039 1235 existat.
1086 1166 1242 1253 Denique

97 1293 180 1355 quam
200 1269 441 1339 substitutionis
461 1271 634 1338 formulam
663 1281 827 1358 proponat
848 1270 1021 1359 Immo
1041 1270 1082 1336 L.
1102 1270 1134 1339 8.
1154 1270 1187 1355 §-
1211 1272 1238 1338 ί.

97 1370 361 1442 ὼῆᾙᾶᾟ

164 1474 227 1553 „si
264 1474 393 1542 iilius
439 1496 552 1543 meus
594 1476 800 1543 moriatur
972 1476 1114 1542 Titius
1143 1471 1242 1541 mihi

163 1576 282 1644 heres
305 1584 446 1657 est0,“

95 1679 230 1764 quamuis
247 1680 357 1745 minus
378 1678 558 1767 probatam,
571 1688 679 1743 tamen
691 1677 865 1744 admissam
882 1702 966 1757 esse,
987 1701 1055 1745 non
1068 1678 1240 1746 inficiatur.

191 1780 324 1867 Quibus
344 1781 442 1869 plane
467 1780 618 1869 opposita
641 1790 690 1847 est
721 1780 882 1847 sententia
902 1781 1080 1847 Famem
1099 1803 1133 1868 p.
1156 1781 1240 1858 458,

94 1882 141 1969 qui
161 1884 425 1952 substitutionem
443 1882 637 1969 pupillarem
658 1880 739 1948 nihil
761 1881 850 1949 aliud
867 1881 968 1949 fuisse
990 1882 1031 1948 ab
1052 1882 1145 1949 initio
1160 1906 1240 1950 con-

94 1986 200 2066 tendit,
222 1986 291 2053 nisi
312 1985 449 2053 secundi
469 1984 600 2052 heredis
618 1985 654 2051 in
674 1985 762 2052 hona
782 1985 883 2073 patris
903 1984 1157 2065 institutionem,
1178 1984 1240 2051 mi-

95 2088 167 2155 nime
186 2112 270 2157 uero
299 2097 525 2155 testamentum
558 2084 684 2174 pupillo
714 2087 844 2153 iactum.
897 2086 1123 2175 Quaecunque
1153 2086 1241 2154 enim

96 2201 196 2275 postea
216 2190 308 2257 filius
330 2188 485 2276 acquirat,
506 2200 711 2277 capaternae
733 2188 905 2256 hereditati
925 2212 1112 2258 accrescere
1124 2188 1237 2257 uideri.

96 2291 293 2360 Exheredato
319 2291 388 2358 filio
409 2290 603 2359 substituere
624 2313 693 2357 non
714 2290 778 2356 nisi
798 2292 982 2377 posteriore
1004 2292 1135 2359 demum
1157 2302 1239 2358 tem-

96 2416 162 2479 pore
181 2395 332 2462 licuisse:
357 2416 422 2481 quo
442 2394 549 2472 iacto,
570 2416 670 2479 quum
690 2393 755 2459 iam
775 2393 818 2461 de
837 2416 917 2460 uera
933 2393 1050 2482 pupilli
1061 2392 1240 2461 hereditate

99 2494 148 2563 diei
173 2496 357 2585 potuisset,
389 2494 616 2562 substitutione
648 2494 775 2583 pupillo
809 2504 1037 2561 testamentum
1057 2495 1139 2575 fieri,
1171 2519 1240 2562 non

98 2597 181 2683 patri,
202 2599 379 2687 probatum
400 2620 484 2665 esse,

184 2704 284 2769 Hanc
304 2722 384 2767 uero
409 2699 601 2767 sententiam
621 2710 743 2767 rectam
766 2720 857 2778 esse,
882 2699 934 2765 his
953 2697 1130 2788 praecipue
1158 2721 1239 2767 con-

96 2799 207 2868 firmat:

130 2904 174 2982 1⁰,
195 2914 323 2992 patrem
356 2902 419 2970 sibi
448 2904 512 2991 ipsi
533 2914 761 2971 testamentum
778 2906 903 2985 iacere,
925 2926 1060 2973 necesse
1081 2927 1170 2971 esse:

129 3004 175 3082 2⁰,
195 3005 297 3093 patris
329 3016 426 3093 atque
462 3004 522 3071 filii
547 3016 774 3074 testamentum
811 3007 921 3095 quoad
957 3006 1094 3073 formam
1137 3028 1239 3071 unum

155 3105 282 3174 haberi:

128 3210 174 3290 3⁰,
195 3210 415 3293 necessarium
433 3208 534 3297 patris
558 3208 714 3277 heredem
734 3212 832 3277 etiam
853 3210 971 3300 pupilli
994 3212 1144 3278 existere.

188 3312 366 3399 Vtriusque
389 3312 579 3402 opinionem
599 3312 725 3379 ratione
744 3312 893 3380 uidemus
919 3336 987 3380 non
1017 3335 1143 3380 carere:
1175 3311 1237 3379 ita-

98 3434 151 3497 que
172 3438 229 3501 per
252 3436 287 3481 sc
311 3437 351 3481 eo
377 3413 590 3492 deducimur,
625 3424 660 3478 ut
685 3414 818 3481 mixtam
852 3416 1016 3503 quandam
1045 3413 1239 3483 sententiam

98 3526 207 3583 rectum
227 3538 300 3584 esse
321 3514 542 3604 amplexuram
562 3513 763 3581 arbitremur.
804 3516 921 3604 Neque
942 3517 1007 3584 hoc
1035 3515 1119 3604 tugis
1147 3515 1238 3583 uiros

99 3615 221 3699 doctos,
247 3620 332 3687 inter
353 3640 436 3705 quos
457 3618 720 3687 Vnucsnovrvs
749 3618 790 3685 P.
820 3620 852 3705 S.
874 3622 945 3689 452.
975 3618 1237 3686 substitutionem

98 3720 277 3807 pupillarem
298 3719 379 3786 dixit
400 3742 472 3787 esse
492 3719 755 3787 substitutionem
776 3721 964 3809 uulgarem,
991 3720 1051 3788 sed
1077 3744 1150 3787 eam
1171 3720 1235 3787 cir-

100 3824 312 3911 cumscriptam
334 3834 430 3911 atque
457 3834 669 3902 coarctatam,
701 3824 917 3890 Hvscnmvs
937 3821 1014 3891 Vol.
1036 3824 1095 3891 VI.
1112 3847 1145 3912 p.
1165 3826 1236 3893 373.

100 3921 284 3991 uoluntatem
305 3925 437 4011 quidem
455 3924 490 3990 in
516 3923 637 3991 herede
664 3925 889 3993 substituendo
917 3924 1078 3992 testatoris
1107 3948 1237 4014 perma-

100 4044 186 4105 nere,
219 4027 371 4095 effectum
400 4027 548 4116 capionis
577 4025 619 4093 ad
646 4027 763 4113 pupilli
784 4026 996 4095 hereditatem
1015 4026 1239 4094 reuocandum

102 4146 178 4205 esse,
196 4127 370 4215 insigniter
391 4128 512 4195 docuit.

190 4230 297 4296 Ambo
316 4240 424 4299 tamen
445 4229 508 4296 uiri
528 4252 628 4317 quum
648 4230 699 4297 ius
720 4230 1071 4299 solumInstinianeum
1087 4229 1122 4295 in
1136 4252 1237 4316 quae·

103 4329 194 4399 stione
218 4331 280 4399 hac
311 4330 521 4401 diiudicanda
545 4333 766 4422 respexerint,
800 4332 902 4404 altera
927 4330 1055 4403 exsistit
1075 4332 1236 4419 quaestio,
