3067 5117
1219 468 1277 536 115

110 621 206 689 locus
228 624 263 689 in
284 622 426 711 Digesta
446 633 595 710 receptus
625 623 683 701 sit,
718 644 818 708 quum
840 631 948 689 tamen
969 622 1141 697 Versum,
1177 640 1274 704 quam

108 723 327 788 Hvsomssvs
361 722 527 789 inuenisse
556 722 619 787 sibi
640 723 770 788 uidetur
791 722 1033 807 sententia¹³⁰)
1055 722 1096 787 L.
1119 723 1167 789 11.
1190 719 1222 803 S.
1240 718 1271 785 6.

108 823 286 909 reprobata
313 823 366 903 sit,
387 833 419 890 et
446 835 554 911 spreta
581 824 643 889 hac
670 823 826 910 opinione
847 824 1032 888 necessario
1049 833 1081 889 et
1102 822 1210 908 ipsum
1229 819 1271 883 il-

108 924 184 1001 lud,
206 923 249 989 de
272 946 337 1009 quo
359 926 461 992 uerba
480 926 587 993 lacere
606 923 861 990 iureconsultum
888 924 1102 989 Huscnmvs
1134 929 1270 987 conten-

2 1069 4 1078 ,
109 1024 174 1102 dit,
198 1026 419 1111 stipulationis
450 1037 595 1113 „quanto
625 1024 787 1111 amplius“
816 1046 920 1110 genus
952 1023 1160 1090 obsoleuerit.
1203 1018 1272 1095 Cur

2 1171 4 1188 .
108 1125 241 1210 itaque,
275 1137 310 1191 ut
343 1126 555 1192 nihilominus
590 1134 840 1202 memoraretur,
873 1147 955 1212 opus
988 1125 1068 1190 luit?
1124 1122 1270 1200 Accedit,

110 1226 202 1311 quod
222 1225 278 1291 uel
299 1228 484 1293 Hvaomm
504 1228 665 1293 rationem
686 1226 787 1292 secuti
805 1226 904 1291 aliurn
926 1236 1022 1311 atque
1041 1228 1271 1292 MARCELLVM

109 1338 229 1413 postea
250 1350 362 1393 casum
380 1326 515 1393 finxisse
536 1328 729 1395 Vnrmuvtu
746 1326 928 1394 concedere
949 1328 1107 1414 cogimur.

217 1427 330 1495 Tertio
366 1429 441 1495 loco
473 1428 617 1495 breuiter
650 1427 860 1495 exhibeamus
880 1430 1097 1495 flamarum
1132 1450 1165 1513 p.
1199 1426 1269 1493 420.

109 1530 328 1609 sententiam,
350 1533 407 1617 qui
429 1532 506 1597 satis
528 1530 681 1596 audacter
702 1529 747 1593 ita
768 1528 946 1617 legendum
966 1552 1037 1596 esse
1060 1526 1248 1616 proposuit:

188 1645 249 1711 „ut
280 1634 321 1699 ei
351 1632 415 1698 soli
436 1632 653 1697 committatur
673 1629 850 1715 stipulatio,
874 1654 946 1697 neo
969 1632 1119 1698 omnibus
1139 1626 1269 1695 heredi·

189 1736 254 1800 bus
275 1733 515 1821 interponenda
535 1732 596 1810 sit,
624 1731 682 1797 sed
701 1754 817 1799 caussa
841 1733 995 1820 cognita“

109 1849 140 1903 et
152 1836 258 1903 uerba
279 1848 415 1912 „certe
436 1856 516 1900 nec
536 1832 696 1899 minus“
719 1845 755 1898 ut
768 1834 935 1920 glossema
946 1856 1080 1920 prorsus
1094 1833 1268 1899 damnauit.

212 1936 350 2003 Infitiari
368 1957 509 2021 nequeo,
531 1933 723 2001 sententiam
744 1936 909 2021 quandam
928 1934 978 2001 ita.
995 1936 1160 2012 exsistere,
1184 1958 1267 2020 quae

108 2062 188 2104 num
223 2038 325 2124 digna
356 2037 398 2102 sit
417 2038 599 2112 VLPIANO,
634 2048 746 2103 auctor
780 2039 849 2103 eius
886 2036 1055 2115 diiudicet,
1096 2049 1269 2123 postquam

107 2139 343 2227 praecedentes
367 2137 591 2223 paragraphos
615 2138 880 2205 considerauerit.

214 2240 380 2326 Equidem
400 2262 473 2304 eam
496 2240 705 2317 sententiam,
739 2263 837 2325 quam
860 2240 1058 2315 Govnuuvs
1091 2239 1132 2304 ad
1152 2240 1193 2304 L.
1216 2236 1267 2307 77.

107 2343 149 2409 ad
168 2344 258 2428 Leg.
279 2340 371 2406 Falc.
403 2340 545 2405 breuiter
576 2340 692 2417 innuit,
727 2351 759 2406 et
782 2342 1044 2409 Viucnaovrvs
1072 2342 1112 2405 A.
1144 2364 1176 2427 p.
1198 2344 1268 2409 253.

107 2444 227 2529 amplis
263 2442 463 2529 argumentis
503 2442 725 2519 confirmauit,
759 2442 856 2507 unice
894 2442 1046 2507 sustineri
1075 2462 1174 2528 posse
1210 2464 1266 2505 ex-

108 2545 322 2627 istimo,¹³¹)
361 2544 554 2611 VLPIANVM
586 2544 738 2607 nimirum
773 2565 846 2608 eum
880 2566 991 2608 casum
1016 2542 1050 2607 in
1073 2552 1179 2608 mente
1209 2542 1267 2609 ha-

106 2647 233 2724 buisse,
254 2646 284 2711 si
304 2645 406 2723 altero
425 2645 597 2711 substituto
621 2644 799 2722 dubitante,
813 2646 880 2723 ¹³²)
908 2645 987 2711 alter
1009 2642 1133 2721 adierit,
1153 2644 1268 2709 eteius

106 2746 259 2833 legatarii
278 2746 388 2833 legata
407 2746 568 2831 petierint.

145 3039 213 3105 ¹³⁰)
239 3042 326 3104 Quam
353 3050 380 3092 et
405 3042 430 3109 ἦ.
451 3042 474 3094 l.
504 3056 663 3106 expressam
713 3046 752 3094 uti
776 3052 847 3109 suut,
864 3046 978 3107 intelligi
998 3050 1145 3109 nequeunt.
1180 3044 1268 3095 Accu·

108 3146 172 3181 esse
190 3140 276 3197 putat,
296 3135 437 3196 negligens
453 3134 580 3198 quodibi
596 3135 665 3183 dixit
714 3137 801 3186 ratius
820 3128 910 3186 tamen
933 3138 960 3186 in
982 3138 1054 3187 huuc
1072 3137 1164 3185 locum
1181 3136 1267 3200 inqui·

107 3224 259 3275 Varianus
282 3242 381 3291 „quam
399 3228 450 3290 his,
473 3241 542 3290 quae
562 3242 578 3275 a
602 3228 664 3276 snb·
715 3230 786 3279 renti
814 3229 903 3279 uisum
927 3230 991 3279 mihi
1011 3235 1067 3291 est,
1103 3229 1192 3292 ipsum
1215 3228 1269 3277 iam

110 3318 208 3365 stituto
258 3319 390 3382 impuberi
439 3318 531 3367 relicta
578 3319 666 3381 sunt‚“
718 3320 898 3371 Scholiastam
910 3323 988 3383 hanc,
1009 3336 1090 3385 quam
1105 3334 1157 3370 nos
1175 3318 1268 3369 desem

107 3410 182 3457 nude
194 3408 361 3472 intelligitur.
379 3412 481 3460 nonde
501 3410 670 3474 pluribus
718 3414 774 3463 suri
812 3429 904 3463 sumus
944 3412 1106 3463 seutentiam
1142 3412 1268 3475 implicite

109 3514 173 3549 eam
192 3502 343 3551 substitutis
362 3501 506 3563 cogitasse.
539 3502 579 3553 Cf.
601 3504 663 3554 Vol.
714 3506 908 3570 proposuisse,
945 3520 1014 3569 quae
1052 3518 1135 3567 quum
1171 3509 1269 3567 postea

107 3593 204 3655 V1.p.
228 3592 297 3644 lte..
715 3612 774 3647 non
795 3599 859 3648 satis
880 3597 1022 3662 perspicua
1041 3596 1189 3659 uideretur,
1207 3610 1268 3659 prs·
1337 3634 1345 3645 .

147 3681 215 3750 ¹²¹)
235 3686 303 3749 Vel,
330 3687 404 3748 quod
425 3685 505 3735 etiam
523 3686 581 3735 fieri
599 3702 665 3749 pos·
715 3704 752 3739 ua
768 3690 1061 3756 correctioneprorsus
1081 3688 1160 3736 locus
1178 3688 1268 3737 turbu-

109 3776 159 3840 ait,
193 3777 242 3827 sub
262 3776 417 3827 conditione
437 3778 583 3829 substituto
602 3786 666 3829 aute
715 3789 760 3832 tus
779 3790 830 3835 est.
855 3783 966 3845 Legitur
984 3780 1068 3831 enim:

109 3874 248 3931 acceptam
291 3868 427 3919 bonorum
460 3872 666 3937 possessionem

110 3962 259 4010 secuudum
281 3960 395 4010 tabulas.

146 4048 212 4114 ¹³²)
242 4053 413 4101 Hvsormvs
437 4052 456 4101 l.
477 4068 499 4103 c.
525 4053 555 4105 in
583 4054 665 4104 inter-

108 4144 265 4206 pretatione
288 4142 368 4192 huius
398 4143 469 4205 legis
498 4144 599 4195 frustra
636 4161 666 4195 se
789 4194 797 4217 ‚

13 4221 17 4230 ¹
106 4234 289 4283 Basilicorum
307 4234 411 4285 scholia
423 4235 487 4285 dicit
503 4235 667 4299 inspexisses
759 4225 818 4263 ουκ

107 4340 225 4389 quorum
248 4325 365 4389 primum
390 4340 419 4375 se
440 4342 497 4379 non
513 4327 665 4389 intelligere
757 4300 901 4385 πρᾱῑῆσὲῑ
939 4296 973 4365 a}
1012 4294 1048 4375 δ’,
1081 4295 1129 4361 διὸ
1173 4304 1215 4382 ²5¹3
1242 4300 1270 4379 {3'

106 4418 232 4469 affirmat.
288 4417 325 4468 Et
352 4431 450 4468 reuera
480 4419 565 4468 uerba
597 4419 664 4480 eius,
758 4400 924 4489 ἆρμὸζειή
947 4399 1151 4483 tuscolanus&
1222 4466 1223 4469 ,

1022 4509 1071 4578 8.

757 3896 826 3971 „Et
851 3890 921 3975 παρ’
954 3890 1024 3967 ivis
1057 3898 1118 3955 τῶν
1151 3886 1266 3955 dnona-

758 3993 914 4059 ruoru'rmu
936 4002 992 4060 rori
1012 3992 1133 4073 ἅνήβου
1156 3990 1269 4076 ἄμετρα

755 4102 949 4182 ληγατευθῄ,
989 4098 1114 4159 πλείονα
1140 4088 1183 4157 ὧν
1211 4096 1269 4175 ἔχει

847 4194 1030 4273 ἆπαιτεῖται,
1056 4199 1083 4259 ri
1105 4194 1147 4275 μή
1174 4222 1267 4277 παρα-
