3067 5117
287 463 347 532 182

286 624 445 680 actorem:
476 615 593 680 actoris
624 615 827 695 antemius,
856 617 945 703 quod
972 619 1061 684 aliud
1090 643 1163 686 esse
1193 621 1318 708 possit,
1350 643 1450 706 quam

286 713 483 792 dominium,
512 715 565 780 ucl
594 715 645 780 ins
676 717 822 784 dominio
850 719 1065 804 adaequatum
1094 722 1278 809 intelligere
1300 744 1450 806 nequeo.

285 814 354 882 Sed
380 815 460 882 hacc
482 815 597 899 somnia
623 817 827 904 splendidius
857 844 899 888 ex
933 820 1117 908 insequenti
1145 823 1358 910 paragrapho
1391 846 1450 908 ap-

285 915 455 1002 parebunt.

809 1513 843 1594 §-
866 1513 914 1578 u.

306 1693 331 1750 2·
369 1703 569 1754 cmussluvn
607 1704 785 1756 struuntur
823 1705 968 1756 wuuauls
1003 1706 1041 1756 ΒΕ
1078 1706 1173 1756 culum
1208 1705 1361 1758 cuculum
1397 1705 1432 1756 Ili

423 1809 542 1862 Atuouu
561 1810 725 1862 nutricula
742 1811 946 1862 tumuletur
965 1811 1003 1864 EX
1024 1811 1145 1862 §cuculo
1163 1811 1310 1864 Sturum

764 1915 965 1968 uuruomvn.

372 2098 540 2168 Scholium
549 2101 731 2168 Snnrnnru
748 2100 1313 2168 aZacuanernonurnanrnnsr
1325 2101 1447 2167 inuen-

285 2211 352 2266 tum
368 2211 399 2264 et
410 2199 643 2286 prohibitoriae
661 2201 799 2266 actionis
814 2202 919 2287 gratia
937 2202 1041 2267 fusius
1058 2202 1311 2280 consideratum,
1337 2202 1449 2288 quoad

284 2303 368 2368 hanc
378 2313 523 2368 nostram
543 2303 766 2387 quaestionem
788 2303 941 2390 egregiae
957 2313 1006 2368 est
1021 2303 1233 2380 auctoritatis,
1255 2327 1362 2389 quum
1385 2304 1447 2369 sci-

284 2403 360 2469 licet
376 2414 407 2468 et
422 2403 680 2489 antiquissimum
696 2413 727 2468 et
749 2404 827 2468 satis
851 2403 1028 2490 spectabile
1050 2405 1091 2469 de
1108 2427 1208 2470 onere
1223 2404 1395 2491 probandi
1415 2405 1447 2469 in

285 2505 466 2572 actionibus
498 2503 618 2570 nostris
648 2503 879 2570 documentum
903 2504 1065 2581 exhibeat,
1087 2503 1176 2590 quod
1197 2507 1369 2572 neminem
1390 2507 1446 2572 ad-

284 2608 347 2673 huc
368 2607 445 2672 satis
465 2604 685 2682 collaudasse,
707 2604 819 2671 nescio
843 2629 884 2670 an
905 2605 1024 2671 iccirco
1053 2605 1216 2684 euenerit,
1247 2607 1324 2693 quia
1350 2631 1445 2674 accu-

284 2709 383 2774 ratior
412 2706 453 2774 de
483 2727 582 2772 onere
609 2702 773 2792 probandi
799 2707 833 2770 in
861 2707 1033 2794 negatoria
1061 2697 1189 2772 actione
1216 2720 1293 2794 post
1321 2733 1445 2776 annum

264 2805 672 2894 ¹MDCCCXXXXHII.
693 2806 799 2885 nulla,
821 2820 976 2894 quantum
998 2809 1084 2885 scic,
1107 2809 1341 2876 commentatio
1367 2833 1444 2898 pro-

286 2912 416 2996 diunt)
458 2910 486 2974 Ii
516 2920 638 2985 autem,
666 2909 722 2994 qui
744 2907 904 2974 scholium
928 2909 991 2974 hoc
1019 2908 1198 2974 accuratius
1219 2911 1442 2998 inspexerunt,

284 3015 507 3088 Zacunrnns,
535 3011 766 3088 Snnrunnvs,
794 3011 1020 3078 Scuurnrrvs
1050 3012 1175 3076 uersari
1203 3012 1385 3078 noluerunt
1410 3014 1442 3077 in

284 3113 471 3180 auctoritate
518 3110 587 3176 eius
630 3111 738 3196 quoad
782 3122 925 3177 nostram
967 3112 1191 3198 quaestionem
1211 3114 1441 3200 {expedienda

282 3216 399 3282 Liceat
426 3214 534 3298 itaque
562 3211 665 3278 uerba
692 3210 809 3276 scholii
841 3211 983 3290 referre,
1015 3214 1103 3279 unde
1128 3215 1235 3280 statim
1261 3216 1440 3302 apparebit,

282 3319 551 3384 HVFELANDIVM
571 3314 604 3378 in
626 3314 667 3377 L.
688 3315 718 3380 5.
738 3313 766 3377 si
789 3312 865 3376 usfr.
884 3323 949 3399 pet.
971 3314 1167 3402 explicanda
1184 3338 1253 3382 non
1275 3340 1420 3384 errasse:

384 3440 489 3520 λέγων
513 3439 578 3526 γὰρ
606 3431 676 3503 ὅτι·

435 3563 479 3622 ΕΙ
500 3607 507 3624 .
533 3562 761 3624 (DAINETAI
778 3607 786 3622 .
809 3561 866 3622 ΣΕ
884 3610 892 3624 .
912 3562 1106 3624 AIKAION
1117 3609 1124 3625 .
1144 3564 1221 3625 ΜΗ
1243 3608 1252 3624 .
1274 3565 1417 3624 ΕΧΕΙΝ
1428 3607 1437 3622 .

434 3683 519 3744 ΊὈΥ
540 3727 547 3743 .
574 3682 679 3742 OYTI
701 3729 707 3744 .
730 3682 864 3743 ‹DPOYI
887 3725 895 3740 .
921 3681 1078 3742 ΙΝΒΙἹὈ
1106 3730 1113 3744 .
1139 3683 1215 3744 ΜΕ.

286 3877 484 3886 m·-

321 4011 366 4076 Η)
387 4015 516 4064 Wnrrrur
540 4013 649 4077 quidem
671 4021 836 4066 commenta·
887 4014 944 4064 sius
966 4017 1000 4064 de
1031 4015 1072 4064 his
1102 4015 1183 4065 rebus
1213 4015 1354 4078 disseruit,
1381 4029 1433 4062 rna·

285 4106 322 4154 tio
346 4111 410 4168 post
428 4120 529 4154 annum
551 4106 628 4154 illum
647 4106 762 4168 prodiit,
785 4107 834 4156 sed
886 4107 958 4156 xime
1001 4108 1134 4157 interesse
1177 4108 1281 4169 debuit,
1312 4114 1343 4156 ut
1382 4113 1433 4155 tam

283 4196 387 4245 auctori
414 4196 442 4244 id
478 4199 592 4246 maxime
623 4197 732 4246 uidetur
760 4199 835 4249 cordi
885 4213 968 4260 mue
985 4205 1187 4261 argumentum,
1214 4199 1346 4264 siquidem
1369 4198 1432 4247 illud

283 4288 382 4350 fuisse,
400 4293 430 4336 ut
446 4287 530 4338 Pseu
547 4291 706 4339 commentis
726 4291 835 4340 obuiam
885 4291 970 4354 nouit¹
991 4291 1101 4340 silentio
1119 4290 1288 4354 praeteriret.

282 4380 347 4442 iret,
371 4379 565 4432 Zrnnonscxu
589 4387 693 4444 autem,
717 4381 764 4445 qui
790 4382 832 4432 fu·
