3067 5117
260 521 364 589 rande
382 513 457 590 eet
497 524 575 609 Qua
603 525 638 591 in
659 546 695 591 re
716 525 877 613 triplicem
897 526 1159 595 Vnuennovrvs
1179 525 1345 613 Apate.
1367 548 1420 593 rr·

260 624 383 692 tionem
400 628 589 715 proposuit:
1514 628 1515 711 Ῐ

341 746 408 811 Aut
448 746 536 811 enim
574 744 665 811 uelut
703 768 758 811 aes
788 746 930 812 alienum
957 744 1066 832 legate
1098 744 1155 810 iila
1185 755 1261 812 ente
1282 756 1422 832 possunt
1514 774 1515 835 3

260 847 395 926 deduci,
442 846 487 913 ita
531 856 567 911 ut
611 846 652 913 de
694 846 821 934 reliquo
864 846 1055 913 substitutus
1100 856 1246 932 quartam
1292 844 1420 923 habeat,
1514 846 1515 887 t

260 960 315 1016 aut
363 946 553 1013 substitutus
604 958 750 1033 quartam
793 948 891 1014 totius
936 946 1123 1015 hereditatis
1166 948 1281 1014 ceteris
1329 946 1420 1033 lega·

260 1050 350 1117 teriia
370 1046 581 1134 detrahitss).

364 1166 478 1232 Tertia
498 1178 620 1245 autem,
642 1189 739 1252 quam
768 1166 874 1233 innuit
891 1166 1165 1244 verennevrva
1184 1168 1277 1246 ratio,
1302 1165 1338 1233 id
1358 1168 1420 1233 sei·
1514 1172 1515 1241 i

261 1270 354 1345 lieet,
377 1269 467 1355 quod
488 1267 678 1334 substitutus
701 1270 844 1354 exeeptis
866 1269 1035 1337 detrahere
1056 1294 1124 1335 non
1145 1270 1264 1356 possit,
1296 1270 1420 1336 deeuo

261 1372 365 1459 ipsius
389 1368 567 1456 quadrante
589 1368 808 1457 supplendum
829 1394 913 1451 esse,
935 1372 1038 1437 teneri
1060 1370 1150 1436 nullo
1172 1371 1270 1436 modo
1291 1372 1421 1459 poterit.
1514 1358 1515 1431 i

261 1471 351 1559 Quid
373 1472 460 1538 enim
476 1470 540 1536 hoo
560 1492 648 1547 casu,
666 1470 694 1535 si
715 1470 799 1537 forte
822 1473 1012 1539 substitutus
1031 1474 1147 1561 accipit
1166 1472 1255 1549 Do„
1278 1472 1420 1559 exeeptis
1514 1484 1515 1543 t

261 1574 358 1639 debet
378 1570 462 1650 CC„
489 1571 556 1637 suis
577 1570 742 1657 legatariis
773 1596 831 1638 sex
857 1573 981 1641 millia?
1031 1575 1097 1643 Vel
1125 1586 1239 1661 quarta
1260 1574 1332 1641 eius
1356 1597 1421 1640 non

261 1675 418 1753 sufficiet,
440 1685 476 1740 ut
497 1672 603 1738 solida
623 1672 699 1738 inde
721 1673 829 1760 legate
848 1685 992 1761 praestet
1012 1676 1167 1764 exceptis
1514 1688 1515 1701 ¹

364 1795 419 1861 De
439 1794 565 1860 duabus
587 1803 693 1859 autem
710 1792 781 1859 eliis
802 1793 893 1881 prior
913 1806 962 1861 est
975 1795 1057 1862 ratio
1069 1796 1280 1861 PAPJLLONH
1295 1796 1420 1883 puto,
1514 1794 1515 1885 J

261 1897 317 1985 qui
339 1896 530 1982 nescioquo
552 1895 622 1961 iure
633 1905 794 1981 prouocat
814 1895 855 1961 ad
875 1896 916 1961 L.
926 1899 995 1967 121.
1017 1896 1058 1963 de
1079 1896 1144 1982 leg.
1156 1896 1193 1973 1„
1216 1896 1272 1963 ubi
1287 1921 1420 1984 prorsus

263 1999 398 2065 uliares
420 2007 572 2064 tractatur
584 2007 616 2063 et
636 2005 752 2082 postea
770 1996 946 2083 praecipue
968 1996 1420 2086 Hvscnnnvot.v11.p.76.
1514 2058 1515 2069 ,

262 2100 587 2184 etvnnrenp.1oa,
611 2120 714 2184 eaque
739 2096 873 2163 omuino
899 2108 931 2163 et
952 2098 1074 2185 regulis
1097 2097 1175 2162 iuris
1198 2098 1278 2167 elias
1297 2101 1420 2167 usitatis
1514 2140 1515 2149 κ

263 2202 385 2289 optime
399 2198 640 2287 respondereet
651 2198 769 2265 ioeireo
786 2200 977 2285 praesertim
985 2199 1133 2266 uideatur
1142 2222 1214 2267 esse
1226 2198 1419 2279 adhibenda,
1514 2250 1515 2265 2

262 2301 352 2389 quod
379 2300 509 2388 saepius
537 2310 646 2387 potest
674 2299 839 2378 accidere,
868 2311 903 2365 ut
929 2324 997 2366 non
1023 2299 1068 2367 ita
1097 2311 1231 2391 propter
1259 2302 1419 2368 testatoris

261 2403 462 2469 uoluntatem
484 2425 582 2487 quam
601 2411 735 2488 propter
756 2401 864 2488 ipsum
892 2401 1033 2469 edietum
1058 2400 1284 2481 commissum,
1314 2402 1419 2489 itaque

261 2528 329 2570 non
356 2514 391 2569 ut
411 2526 491 2569 uera
509 2502 619 2589 legata
645 2500 704 2569 sed
725 2499 834 2588 potius
863 2512 899 2568 ut
920 2501 1010 2568 aliud
1038 2500 1206 2589 quodlibet
1233 2502 1418 2569 hereditatis
1514 2492 1515 2565 t

262 2628 345 2673 onus
369 2604 558 2669 substitutus
581 2625 653 2667 eam
674 2602 847 2688 pecuniam
869 2602 1003 2680 debeat,
1032 2626 1139 2690 neque
1160 2612 1268 2669 tamen
1289 2603 1419 2689 probari

261 2714 369 2795 potest
391 2714 525 2793 propter
547 2702 725 2789 ingentem,
751 2726 834 2789 quae
858 2703 935 2769 inde
953 2715 1140 2771 nasceretur
1160 2706 1375 2792 iniquitatem,
1393 2706 1419 2772 si
1514 2728 1515 2787 ξ

260 2808 343 2874 iorte
365 2804 499 2871 totidem
527 2827 624 2890 quam
645 2803 789 2891 pupillus
811 2817 885 2870 ante
909 2805 1049 2871 edictum
1071 2806 1279 2873 commissum
1298 2806 1418 2885 habuit,
1514 2802 1515 2875 ?

261 2909 315 2975 uel
336 2908 432 2975 etiam
452 2907 560 2972 minus
582 2916 699 2993 postea
720 2904 910 2971 substitutus
934 2907 1104 2992 acceperit.
1514 2892 1515 2931 ³

365 3025 535 3124 Posterior
555 3024 714 3091 sententia
734 3034 784 3089 eet
803 3025 1034 3091 Vrrennovn
1057 3026 1097 3091 A.
1119 3049 1152 3114 p.
1172 3026 1261 3114 285„
1284 3028 1342 3114 qui
1362 3052 1418 3095 sua
1514 3032 1515 3111 i

261 3153 322 3217 pro
350 3126 614 3217 interpretatione
642 3134 729 3191 recte
754 3147 936 3213 prouocare
963 3125 1069 3214 potuit
1097 3126 1138 3193 ad
1165 3127 1206 3195 L.
1233 3130 1264 3197 5.
1291 3154 1342 3217 pr.
1380 3130 1418 3195 de

262 3233 351 3319 legg.
372 3241 491 3318 praest.
512 3228 587 3293 eit..
1514 3230 1515 3237 ’

365 3346 469 3413 Nobis
490 3356 626 3431 utraque
655 3348 737 3414 ratio
770 3348 815 3413 ite
847 3345 1031 3412 consociari
1065 3369 1165 3433 posse
1202 3350 1348 3428 uidetur,
1384 3360 1416 3414 ut

263 3449 346 3517 aeris
368 3448 467 3515 alieni
487 3448 589 3513 instar
617 3470 733 3515 reuera
759 3449 869 3535 legata
892 3448 949 3513 illa
969 3446 1162 3514 deducenda
1183 3470 1255 3515 esse
1279 3450 1416 3535 primum
1514 3440 1515 3515 ss

263 3541 501 3627 eoncedarnus,
531 3560 599 3615 tum
625 3572 704 3617 uero
724 3558 860 3635 propter
882 3547 1051 3633 aequitatis
1073 3560 1248 3636 praecepta
1264 3550 1336 3617 fleri
1359 3550 1414 3615 de·
1514 3558 1515 3589 ³

262 3654 340 3720 bere
361 3649 618 3728 contendamus,
645 3660 681 3715 ut
701 3650 737 3715 in
757 3649 885 3715 ratione
905 3648 1073 3715 Falcidiae
1095 3650 1285 3717 substitutus
1306 3660 1414 3727 totam,
1514 3666 1515 3709 t

263 3860 465 3874 m

298 3992 344 4059 ⁸⁴)
379 3996 465 4058 Finge
503 3994 677 4045 substitutum
717 3994 817 4045 habere
867 4000 923 4058 uet,
955 3993 1065 4045 habebit
1083 3993 1143 4058 ipse
1161 3992 1200 4057 0.,
1231 3992 1326 4043 ceteris
1345 3993 1414 4053 lege-

261 4087 329 4146 nc..
363 4086 465 4138 cccc.
485 4087 580 4137 renea
597 4094 663 4139 runt
680 4086 817 4138 extraneis
868 4087 943 4137 erin
962 4085 1112 4151 praestabit
1132 4085 1219 4137 cco..
1269 4082 1413 4137 nouenos
1514 4062 1515 4105 ³

262 4180 296 4230 ab
315 4178 393 4244 ipso,
411 4179 465 4230 GC.
486 4180 569 4229 tlebet
584 4180 714 4243 exeeptis.
759 4179 817 4230 Pri-
867 4178 990 4242 praelata
1007 4179 1115 4241 exeepti
1131 4179 1270 4229 laubabunt
1280 4176 1343 4241 OG,
1359 4176 1413 4239 ipse
1514 4186 1515 4247 ᾗ

263 4271 305 4322 ori
320 4271 427 4322 ratione
448 4270 569 4322 adbibita
582 4271 637 4323 cc.
654 4272 743 4322 solide
762 4272 818 4322 sol·
868 4271 931 4334 GL,
951 4270 1033 4321 aeteri
1052 4269 1174 4333 legatarii
1192 4268 1279 4322 CCL..
1514 4262 1515 4287 ¹
