3067 5117
1213 408 1253 479 85

103 564 191 628 dente
211 572 245 628 et
262 561 500 627 substitutionis
521 562 710 629 conditione
729 585 799 628 non
829 562 1006 629 exsistente
1029 563 1069 629 ab
1091 563 1165 650 ipso
1188 586 1250 649 pu-

102 665 173 751 pillo
195 664 328 749 exigere
348 665 548 749 potuissent,
580 664 644 728 nisi
675 664 764 749 quod
789 663 853 729 alia
871 686 1002 749 quoque
1023 664 1179 730 conlundi
1200 663 1248 729 le-

20 769 24 778 '
101 778 169 854 gata
189 767 334 851 exeeptis
355 766 468 832 relicta
487 765 555 851 pati
572 764 733 829 interdum
749 764 997 851 compelluntur,
1020 764 1145 831 etiamsi
1166 763 1249 829 forte

101 878 226 934 testator
259 869 298 933 ab
327 869 400 955 ipso
422 867 501 945 hoo,
523 867 575 932 eui
606 866 812 931 substitutum
845 876 903 942 est,
939 866 1126 953 impubere,
1167 863 1248 929 nihil

101 988 204 1031 eorum
237 967 421 1055 reliquerit,
463 966 552 1053 quod
581 990 649 1033 non
676 968 820 1053 respexit
840 968 1054 1032 Hvsofflnvs
1076 966 1153 1033 Vol.
1173 966 1247 1031 Vll.

14 1137 19 1152 ,
100 1091 127 1153 p.
145 1069 211 1135 75.:
256 1070 309 1136 hie
337 1071 425 1135 euim
456 1070 530 1155 ipsa
549 1068 726 1135 uoluntatis
746 1069 847 1155 patris
870 1070 1028 1135 eorrectio
1052 1066 1173 1134 auxilio
1196 1067 1247 1133 ui-·

14 1159 15 1202 ³
100 1169 184 1236 detur
205 1192 279 1238 esse
300 1171 460 1239 uocanda.

192 1272 265 1340 Sed
295 1274 404 1360 palam
434 1272 530 1339 nobis
564 1270 700 1357 obloqui
732 1270 861 1337 uidetur
894 1272 936 1337 L.
954 1272 984 1339 5.
1005 1294 1055 1357 pr.
1088 1270 1129 1338 de
1159 1271 1248 1358 legg.

99 1384 221 1457 praest„
243 1375 302 1439 ubi
320 1375 402 1441 haee
423 1375 592 1461 leguntur:

168 1476 315 1554 „Filium
334 1476 406 1563 quis
427 1474 629 1562 impuberem
647 1472 802 1540 heredem
812 1474 941 1561 scripsit
958 1475 1052 1560 eique
1074 1472 1247 1551 substituit,

168 1579 409 1670 emancipatum
444 1586 553 1641 autem
585 1574 688 1639 filium
722 1576 903 1662 praeteriit,
953 1575 1072 1641 deinde
1111 1586 1247 1659 uterque
1354 1636 1357 1647 ,
1445 1653 1449 1660 ,

166 1678 257 1745 filius
290 1687 485 1765 aeceperunt
510 1676 674 1741 bonorum
706 1677 962 1762 possessionem.
1015 1678 1142 1763 Legata
1174 1686 1249 1741 sunt

164 1781 265 1846 etiam
284 1778 486 1845 asubstituto
507 1777 684 1864 impuberis
707 1777 830 1856 relicta,
848 1800 915 1843 non
937 1787 1060 1844 tautum
1081 1778 1191 1844 liberis
1214 1790 1246 1844 et

164 1880 368 1967 parentibus,
389 1901 504 1945 uerum
523 1880 619 1944 etiam
640 1879 813 1945 extraneis.
846 1880 1032 1963 Quaeritur,
1056 1904 1096 1945 an
1117 1890 1245 1945 mortuo

166 1981 338 2069 impubere
358 1990 495 2067 oogatur
517 1980 707 2046 substitutus
729 2004 768 2047 eu
789 1982 977 2067 praestare?
1034 1982 1081 2045 Et
1107 1981 1134 2045 si
1173 1981 1246 2065 qui-

166 2082 245 2148 dem
266 2083 308 2148 ab
330 2081 499 2169 impubere
520 2080 633 2146 relicta
654 2092 740 2159 sunt,
762 2082 841 2147 solis
863 2081 973 2147 liberis
995 2081 1248 2167 parentibusque

168 2183 369 2271 praestanda
390 2192 482 2260 sunt,
505 2182 557 2247 sin
578 2204 657 2247 uero
682 2206 701 2248 a
724 2184 896 2249 substituto
918 2183 1117 2269 impuberis,
1141 2182 1246 2248 omni-

167 2286 231 2353 bus
254 2307 329 2351 eum
350 2294 515 2371 praestare
538 2293 668 2369 oportet
687 2282 799 2351 habita
819 2286 945 2351 ratione
964 2284 1047 2370 legis
1068 2283 1246 2361 Falcidiae,

168 2385 314 2462 seilicet,
349 2394 384 2449 ut
404 2384 505 2471 partis
537 2383 707 2463 dimidiae,
743 2408 827 2470 quae
849 2385 891 2449 ad
912 2408 985 2450 eum
1006 2408 1047 2451 ex
1068 2382 1164 2448 bonis
1188 2406 1247 2467 pa·

167 2490 226 2554 tris
258 2486 427 2574 peruenit,
460 2496 623 2571 quartam,
656 2484 691 2549 id
723 2496 772 2552 est
792 2486 890 2551 totius
926 2487 1007 2553 assis
1045 2484 1248 2553 sescunciam

167 2590 341 2657 retineat.“

190 2692 238 2756 Et
273 2710 353 2753 uere
369 2688 632 2755 VANGEROVIVS
658 2711 691 2775 p.
712 2688 783 2755 269.
816 2688 903 2755 huno
936 2692 1111 2777 praecipue
1138 2688 1248 2754 loeum

96 2791 125 2856 in
144 2816 237 2859 suam
258 2790 387 2856 attraxit
408 2789 616 2865 sententiam,
638 2788 747 2874 legata
768 2790 921 2856 nimirum
944 2792 984 2857 ab
1005 2790 1174 2879 impubere
1194 2812 1246 2855 re-

97 2894 164 2960 liete
183 2890 383 2981 praestanda
405 2912 473 2955 non
494 2912 567 2955 esse
588 2912 608 2954 a
627 2889 818 2968 substituto,
853 2892 882 2958 si
915 2893 1038 2969 minus,
1077 2914 1174 2977 quam
1212 2890 1247 2954 iu

96 2996 177 3080 quod
197 3018 218 3061 a
239 3003 331 3080 patre
342 2990 486 3079 pupillus
508 2999 577 3055 erat
594 2990 770 3069 institutus,
793 2993 924 3059 adeum
946 2994 1051 3059 edicto
1070 2991 1247 3058 commissu

96 3095 286 3181 peruenerit.
343 3094 557 3160 Hvscmnvs
579 3101 693 3158 eontra
711 3092 788 3161 Vol.
809 3095 883 3162 VII.
906 3118 939 3180 p.
960 3095 1022 3171 65,
1043 3115 1131 3158 noua
1151 3114 1247 3177 pror-

97 3221 145 3263 sus
166 3197 294 3263 ratione
314 3194 424 3261 looum
443 3194 703 3279 interpretando,
736 3204 822 3261 uerte
852 3218 920 3261 non
952 3195 1088 3281 obloqui
1110 3215 1184 3261 eum
1204 3192 1246 3257 1..

13 3323 14 3336 ¹
99 3300 160 3366 103.
180 3300 214 3383 S.
235 3299 267 3365 2.
285 3295 339 3361 eit.
365 3296 588 3363 demonstrare
609 3296 754 3361 tentauit.

192 3396 373 3466 Videamus
405 3397 532 3483 itaque,
586 3396 741 3483 quidnam
760 3397 944 3463 Vurrsuvs
966 3398 1085 3463 dooere
1101 3397 1164 3461 no's
1186 3417 1246 3460 uo-

98 3498 197 3565 luerit.
238 3499 308 3565 Iam
328 3522 408 3564 uero
431 3522 483 3565 res
504 3509 553 3565 est
573 3498 769 3575 clarissima,
791 3499 833 3563 L.
854 3500 884 3565 5.
901 3523 951 3585 pr.
974 3498 1118 3586 speeiem
1143 3498 1182 3562 ab
1206 3520 1247 3562 eo

12 3666 16 3692 ‚
97 3602 294 3688 propositam
326 3620 398 3665 esse
430 3622 521 3677 eam,
555 3622 654 3685 quum
677 3599 846 3665 imminuta
868 3600 910 3665 sit
931 3600 1094 3665 bonorum
1113 3620 1248 3685 posses-

13 3698 17 3713 '
98 3704 185 3770 sione
204 3702 321 3789 pupilli
340 3700 522 3779 hereditas,
554 3702 586 3784 S.
608 3702 636 3766 1.
669 3711 776 3765 autem
811 3723 885 3767 eum
906 3724 978 3769 esse
999 3722 1109 3767 casum
1130 3709 1247 3766 traete-

97 3815 179 3882 tum,
212 3805 241 3869 si
261 3803 335 3891 plus
357 3804 464 3869 edioto
486 3801 660 3869 commisso
684 3803 855 3887 aeoeperit.
911 3804 980 3869 Iam
1006 3825 1086 3869 uero
1108 3826 1149 3869 ex
1169 3823 1248 3888 pro-

97 3905 179 3972 fesso
200 3906 382 3974 Vrurxrevs
402 3924 471 3966 non
490 3900 552 3967 hae
574 3903 615 3968 de
653 3904 843 3988 quaestione
880 3904 981 3970 uerba
1012 3904 1104 3980 lauit,
1143 3913 1250 3969 utrum

97 4006 204 4093 legata
224 4031 244 4073 a
270 4003 397 4095 pupillo
415 4002 531 4070 relicta
551 4004 748 4090 praestanda
770 4005 851 4082 sint,
873 4028 935 4071 neo
953 4028 1016 4083 ne,
1048 4003 1106 4070 sed
1124 4004 1165 4071 de
1187 4004 1251 4069 alia

98 4104 224 4189 potius,
263 4126 342 4170 num
374 4105 485 4191 priore
515 4104 647 4192 quidam
669 4129 746 4172 easu
777 4130 818 4173 ex
839 4106 974 4172 semisse
996 4116 1120 4173 tantum
1138 4106 1248 4173 Falci-

99 4204 184 4270 diam
215 4206 331 4273 habeat
362 4206 572 4285 substitutus,
615 4208 716 4273 altero
752 4221 859 4273 autem
889 4208 999 4295 legata
1030 4219 1209 4296 augeantur
1233 4235 1253 4275 a

99 4306 268 4375 substituto
289 4307 412 4376 relieta.
460 4308 553 4375 Idem
577 4309 676 4396 igitur
706 4309 777 4376 uult
800 4331 987 4394 exponere,
1009 4311 1098 4395 quod
1117 4312 1158 4377 L.
1184 4310 1251 4379 126.
