3067 5117
1228 398 1270 467 45

116 554 215 623 uerba
232 552 324 635 fieri,
358 578 426 623 non
449 556 491 623 de
510 552 581 623 aliis
603 552 818 641 quibuslibet)
847 554 985 642 perinde
1007 553 1200 644 praestabit,
1232 572 1271 618 ac

15 714 16 723 ,
114 658 141 722 si
159 681 243 745 pure
263 670 391 746 partem
420 668 451 725 et
474 658 535 723 sub
559 658 747 724 conditione
769 667 894 745 partem
916 658 1049 724 alteram
1069 654 1270 741 (hereditatis

113 762 282 845 paternae)
307 760 501 847 accepisset,
524 760 628 845 (unde
649 759 783 839 accidit,
804 770 841 825 ut
860 784 902 826 ex
921 770 1006 838 tota,
1029 780 1113 844 quae
1134 758 1177 823 ad
1197 778 1272 823 eum

114 860 272 945 peruenit,
296 860 473 927 hereditate
493 859 658 949 legatariis
686 860 751 927 illis
775 861 960 929 satisfacere
993 860 1129 938 debeat,
1171 858 1271 945 quod,

15 958 16 965 '
115 961 388 1047 quemadmodum
408 962 466 1029 fiat
494 964 735 1029 aPanIANo
770 963 930 1030 adiectum
963 986 1031 1029 non
1063 974 1129 1030 est:
1162 963 1272 1047 itaque

115 1064 284 1150 generales
306 1064 440 1151 regulae
460 1075 536 1130 sunt
558 1063 828 1151 admittendae.]“

216 1166 289 1231 Iam
311 1188 390 1231 uero
413 1188 496 1253 quae
518 1175 714 1252 sequuntur,
746 1166 864 1233 iccirco
897 1188 1071 1253 perperam
1105 1164 1146 1231 ab
1166 1162 1273 1230 omni-

115 1267 171 1333 bus
193 1266 360 1333 intellecta
377 1289 450 1334 esse
470 1278 566 1353 puto,
588 1268 676 1352 quod
698 1269 925 1355 grammaticae
947 1290 1014 1333 uon
1037 1266 1272 1333 satisfecerunt.

115 1369 290 1456 Explicant
312 1369 415 1435 enim:
454 1369 575 1453 „Quid
596 1379 704 1434 tamen
724 1368 908 1435 faciendum
930 1383 1000 1446 est,
1023 1368 1051 1434 si
1073 1368 1154 1433 alius
1176 1390 1274 1451 quam

115 1470 249 1537 coheres
273 1469 463 1536 substitutus
484 1470 602 1536 fuerit?
656 1471 725 1535 Iam
747 1470 840 1537 aliter
858 1494 911 1537 res
933 1494 968 1537 se
988 1469 1139 1536 habebit:
1160 1491 1274 1535 uerum

114 1572 163 1638 hic
184 1572 377 1638 substitutus
398 1571 507 1659 legata
529 1571 656 1649 soluet,
686 1572 780 1656 quasi
810 1573 907 1659 plane
928 1572 988 1639 sub
1011 1571 1199 1638 conditione
1221 1570 1273 1635 in·

116 1674 242 1737 stitutus
276 1684 380 1751 esset,
419 1674 547 1739 tametsi
581 1674 721 1739 maxime
744 1672 880 1740 coheres
901 1674 957 1740 ille
979 1672 1191 1759 quadrantem
1212 1696 1272 1757 pa-

116 1786 223 1840 teruae
245 1773 432 1839 hereditatis
458 1775 621 1861 integrum
646 1774 816 1841 obtineret.
857 1776 946 1841 Hinc
968 1774 1149 1861 colligitur,
1173 1772 1272 1838 cohe-

115 1876 223 1941 redem
245 1874 363 1962 pupilli
385 1885 417 1941 et
438 1874 644 1940 substitutum
664 1875 798 1962 pupilli,
833 1900 962 1963 semper
983 1876 1073 1942 uelut
1094 1874 1272 1941 coheredes

116 1977 244 2055 haberi,
275 1976 374 2061 idque
404 1998 443 2041 eo
466 1976 692 2055 confirmatur,
722 1978 811 2063 quod
835 1978 931 2043 etiam
953 1977 1053 2043 sires
1075 1975 1272 2061 aliquapri-

15 2130 16 2133 .
115 2078 171 2143 mis
193 2076 315 2143 tabulis
335 2077 442 2156 Titio,
476 2077 626 2143 secundis
648 2079 844 2166 Sempronio
878 2079 987 2166 legata
1019 2089 1078 2155 est,
1097 2076 1272 2143 exsistente

15 2196 16 2199 ’
117 2179 303 2245 conditione
325 2177 561 2243 substitutionis
582 2178 688 2244 Titius
711 2178 908 2266 Sempronio
929 2179 1102 2245 concurrit.
1118 2186 1140 2217 “

15 2348 16 2373 1
218 2279 285 2346 Cui
315 2278 572 2365 interpretationi
600 2280 780 2346 rectissime
808 2283 1022 2346 Hvsofflssvs
1053 2280 1131 2349 Vol.
1158 2280 1217 2348 VI.
1240 2302 1273 2366 p.

117 2385 181 2451 399.
206 2380 348 2457 obiecit,
379 2381 413 2445 in
435 2380 544 2446 uerbis
591 2382 702 2460 „Non
746 2382 854 2448 idem
895 2381 1171 2448 seruabitur“
1213 2394 1274 2448 etc.

118 2483 248 2549 omnino
262 2481 435 2569 uestigium
444 2506 510 2548 non
520 2506 687 2570 apparere,
699 2484 787 2549 uude
796 2486 914 2551 coniici
925 2485 1039 2572 possit,
1047 2484 1276 2551 PAPIMANVM

118 2584 155 2649 de
174 2584 279 2649 tribus
299 2583 469 2668 personis,
493 2584 618 2672 pupillo
642 2585 785 2664 scilicet,
807 2587 969 2654 coherede
990 2587 1059 2652 eius
1083 2586 1274 2652 substituto·

118 2710 178 2771 que
197 2685 375 2771 cogitasse:
408 2696 558 2772 praetera
590 2686 758 2764 „idem“
792 2687 875 2753 illud
902 2710 1074 2775 perperam
1104 2689 1145 2753 ad
1166 2688 1275 2753 Falci·

118 2788 202 2853 diam
236 2810 304 2852 non
338 2785 455 2852 eodem
485 2786 585 2852 modo
622 2786 842 2855 inducendam
872 2790 1003 2855 referri:
1036 2788 1177 2876 denique
1210 2802 1276 2855 tam

118 2890 223 2955 uarias
257 2887 464 2973 quaestiones
493 2911 513 2953 a
543 2888 742 2956 Parmeno
774 2914 841 2959 uno
872 2901 986 2957 tenore
1020 2891 1176 2957 conlundi
1206 2913 1275 2956 non

118 2989 311 3079 oportuisse.
353 2988 420 3057 Sed
441 2988 512 3075 ipse
534 2992 699 3075 quomodo
722 2992 804 3059 haec
825 2992 936 3059 omnia
955 3002 1101 3071 sanaret,
1125 3015 1192 3058 non
1214 2992 1274 3058 ali·

117 3104 162 3158 ter
181 3114 220 3158 ac
242 3088 448 3156 coniiciendo
476 3092 607 3177 assequi
626 3092 742 3178 potuit.

220 3192 279 3259 Me
301 3202 429 3277 praeter
450 3214 504 3269 ea,
526 3214 608 3277 quae
622 3196 837 3263 Hvscumvs
858 3196 922 3283 ipsi
943 3195 1122 3262 sententiae
1144 3195 1275 3273 obiecit,

116 3294 178 3360 hoc
199 3294 376 3381 praecipue
397 3292 462 3358 hoc
484 3292 560 3359 loco
584 3296 745 3375 turbauit,
768 3298 858 3384 quod
879 3298 914 3362 in
933 3297 1044 3362 uerbis
1068 3320 1179 3373 „narn
1199 3295 1275 3361 ille

117 3395 337 3463 Falcidiae
358 3393 569 3460 rationem
589 3396 839 3464 induceret“
861 3423 974 3466 omues
995 3420 1112 3464 uocem
1135 3395 1275 3475 ,‚ille“

120 3498 159 3563 ad
179 3495 380 3585 praecedens
410 3495 522 3572 „alio
555 3498 823 3566 substitut0“
853 3499 1049 3577 retulerunt,
1071 3498 1148 3563 dum
1168 3510 1276 3564 tamen

122 3612 266 3684 apertum
301 3608 368 3673 est,
396 3594 460 3661 hoc
488 3597 684 3665 uocabulum
711 3603 866 3667 remotius
899 3602 1079 3667 subiectum
1099 3600 1275 3685 requirere,

122 3710 152 3764 et
176 3700 265 3786 quod
292 3698 511 3786 germanismo
540 3698 628 3765 haud
662 3700 728 3767 leui
756 3727 853 3769 usum
889 3701 1177 3783 „inducerem
1213 3724 1273 3787 pro

125 3801 352 3876 „inducet“
389 3798 511 3865 dixisse
547 3802 777 3871 ΡΑΡΙΝιΑΝνΜ
810 3813 1015 3891 putauerunt.
1075 3802 1275 3867 Persuasum

125 3902 206 3967 enim
224 3900 342 3978 habeo,
363 3902 603 3983 Pamursuvu,
624 3905 651 3970 si
672 3928 749 3972 uere
771 3905 962 3971 sententiam
983 3926 1082 3989 supra
1093 3901 1274 3989 expositam

128 4003 302 4089 exprimere
322 4002 500 4081 uoluisset,
530 4006 574 4069 ita
593 4004 736 4071 locutum
758 4029 848 4073 esse:

200 4104 319 4182 „Nam
342 4102 409 4169 hic
431 4103 657 4171 Falcidiae
679 4108 884 4173 rationem
903 4106 1121 4172 inducet.“

221 4207 335 4293 Itaque
358 4227 397 4272 eo
419 4206 570 4292 perueni,
594 4207 685 4272 utin
716 4208 843 4275 uerbis:
891 4208 1009 4287 „Nou
1039 4208 1147 4274 idem
1180 4232 1273 4275 ser-

17 4366 19 4399 ,
128 4303 283 4371 uabitur
333 4307 422 4374 alio
476 4306 763 4389 substituto,“
816 4332 965 4375 caussam
1006 4308 1107 4376 latere
1153 4310 1272 4377 erroris
