<?xml version="1.0" encoding="UTF-8"?>
<!DOCTYPE html PUBLIC "-//W3C//DTD XHTML 1.0 Transitional//EN"
    "http://www.w3.org/TR/xhtml1/DTD/xhtml1-transitional.dtd">
<html xmlns="http://www.w3.org/1999/xhtml" xml:lang="en" lang="en">
 <head>
  <title>
</title>
<meta http-equiv="Content-Type" content="text/html;charset=utf-8" />
  <meta name='ocr-system' content='tesseract 3.04.00' />
  <meta name='ocr-capabilities' content='ocr_page ocr_carea ocr_par ocr_line ocrx_word'/>
</head>
<body>
  <div class='ocr_page' id='page_1' title='image "./commentationesi00perngoog_0262.png"; bbox 0 0 3067 5117; ppageno 0'>
   <div class='ocr_carea' id='block_1_1' title="bbox 271 415 333 488">
    <p class='ocr_par' dir='ltr' id='par_1_1' title="bbox 271 415 333 488">
     <span class='ocr_line' id='line_1_1' title="bbox 271 415 333 488; baseline 0 0"><span class='ocrx_word' id='word_1_1' title='bbox 271 415 333 488; x_wconf 74' lang='grc'>214</span> 
     </span>
    </p>
   </div>
   <div class='ocr_carea' id='block_1_2' title="bbox 274 560 1529 652">
    <p class='ocr_par' dir='ltr' id='par_1_2' title="bbox 274 560 1529 652">
     <span class='ocr_line' id='line_1_2' title="bbox 274 560 1529 652; baseline -0.002 -21"><span class='ocrx_word' id='word_1_2' title='bbox 274 575 309 632; x_wconf 89' lang='lat' dir='ltr'>ut</span> <span class='ocrx_word' id='word_1_3' title='bbox 335 583 470 652; x_wconf 85' lang='lat' dir='ltr'>prorsus</span> <span class='ocrx_word' id='word_1_4' title='bbox 491 583 680 649; x_wconf 88' lang='lat' dir='ltr'>peruersam</span> <span class='ocrx_word' id='word_1_5' title='bbox 705 560 745 629; x_wconf 91' lang='lat' dir='ltr'>de</span> <span class='ocrx_word' id='word_1_6' title='bbox 770 561 978 631; x_wconf 87' lang='lat' dir='ltr'>seruitutibus</span> <span class='ocrx_word' id='word_1_7' title='bbox 1008 564 1142 632; x_wconf 89' lang='lat' dir='ltr'>urbanis</span> <span class='ocrx_word' id='word_1_8' title='bbox 1174 561 1352 629; x_wconf 83' lang='lat' dir='ltr'>doctrinam</span> <span class='ocrx_word' id='word_1_9' title='bbox 1375 585 1429 629; x_wconf 88' lang='lat' dir='ltr'>ex·</span> <span class='ocrx_word' id='word_1_10' title='bbox 1528 560 1529 599; x_wconf 72' lang='lat'>³</span> 
     </span>
    </p>
   </div>
   <div class='ocr_carea' id='block_1_3' title="bbox 274 644 1529 750">
    <p class='ocr_par' dir='ltr' id='par_1_3' title="bbox 274 644 1529 750">
     <span class='ocr_line' id='line_1_3' title="bbox 274 644 1529 750; baseline -0.002 -18"><span class='ocrx_word' id='word_1_11' title='bbox 274 665 450 732; x_wconf 89' lang='lat' dir='ltr'>bibendam</span> <span class='ocrx_word' id='word_1_12' title='bbox 473 685 545 730; x_wconf 86' lang='lat' dir='ltr'>esse</span> <span class='ocrx_word' id='word_1_13' title='bbox 562 663 700 750; x_wconf 88' lang='lat' dir='ltr'>putarit,</span> <span class='ocrx_word' id='word_1_14' title='bbox 732 687 774 729; x_wconf 92' lang='lat' dir='ltr'>ne</span> <span class='ocrx_word' id='word_1_15' title='bbox 799 664 947 731; x_wconf 75' lang='lat' dir='ltr'>funditus</span> <span class='ocrx_word' id='word_1_16' title='bbox 973 667 1023 733; x_wconf 87' lang='lat' dir='ltr'>bis</span> <span class='ocrx_word' id='word_1_17' title='bbox 1054 667 1135 731; x_wconf 91' lang='lat' dir='ltr'>locis</span> <span class='ocrx_word' id='word_1_18' title='bbox 1163 677 1360 732; x_wconf 88' lang='lat' dir='ltr'>euerteretur</span> <span class='ocrx_word' id='word_1_19' title='bbox 1380 688 1429 730; x_wconf 90' lang='lat' dir='ltr'>re·</span> <span class='ocrx_word' id='word_1_20' title='bbox 1528 644 1529 717; x_wconf 61' lang='lat' dir='ltr'>i</span> 
     </span>
    </p>
   </div>
   <div class='ocr_carea' id='block_1_4' title="bbox 279 763 1432 852">
    <p class='ocr_par' dir='ltr' id='par_1_4' title="bbox 279 763 1432 852">
     <span class='ocr_line' id='line_1_4' title="bbox 279 763 1432 852; baseline -0.002 -19"><span class='ocrx_word' id='word_1_21' title='bbox 279 767 360 834; x_wconf 90' lang='lat' dir='ltr'>ctior</span> <span class='ocrx_word' id='word_1_22' title='bbox 387 765 429 831; x_wconf 90' lang='lat' dir='ltr'>de</span> <span class='ocrx_word' id='word_1_23' title='bbox 458 787 556 830; x_wconf 89' lang='lat' dir='ltr'>onere</span> <span class='ocrx_word' id='word_1_24' title='bbox 579 763 740 850; x_wconf 87' lang='lat' dir='ltr'>probandi</span> <span class='ocrx_word' id='word_1_25' title='bbox 765 764 799 829; x_wconf 92' lang='lat' dir='ltr'>in</span> <span class='ocrx_word' id='word_1_26' title='bbox 824 768 996 852; x_wconf 81' lang='lat' dir='ltr'>negatoria</span> <span class='ocrx_word' id='word_1_27' title='bbox 1024 768 1152 836; x_wconf 90' lang='lat' dir='ltr'>actione</span> <span class='ocrx_word' id='word_1_28' title='bbox 1173 768 1340 832; x_wconf 85' lang='lat' dir='ltr'>sententia.</span> <span class='ocrx_word' id='word_1_29' title='bbox 1383 767 1432 832; x_wconf 83' lang='lat' dir='ltr'>ct.</span> 
     </span>
    </p>
   </div>
   <div class='ocr_carea' id='block_1_5' title="bbox 278 860 1529 957">
    <p class='ocr_par' dir='ltr' id='par_1_5' title="bbox 278 860 1529 957">
     <span class='ocr_line' id='line_1_5' title="bbox 278 860 1529 957; baseline -0.002 -24"><span class='ocrx_word' id='word_1_30' title='bbox 278 891 377 954; x_wconf 90' lang='lat' dir='ltr'>supra</span> <span class='ocrx_word' id='word_1_31' title='bbox 403 867 434 950; x_wconf 89' lang='lat' dir='ltr'>S.</span> <span class='ocrx_word' id='word_1_32' title='bbox 455 867 540 949; x_wconf 79' lang='lat'><strong>21.):</strong></span> <span class='ocrx_word' id='word_1_33' title='bbox 590 888 684 943; x_wconf 88' lang='lat' dir='ltr'>nam,</span> <span class='ocrx_word' id='word_1_34' title='bbox 727 867 783 952; x_wconf 91' lang='lat' dir='ltr'>qui</span> <span class='ocrx_word' id='word_1_35' title='bbox 833 867 875 932; x_wconf 91' lang='lat' dir='ltr'>de</span> <span class='ocrx_word' id='word_1_36' title='bbox 920 891 980 933; x_wconf 88' lang='lat' dir='ltr'>suo</span> <span class='ocrx_word' id='word_1_37' title='bbox 1027 869 1098 935; x_wconf 89' lang='lat' dir='ltr'>iure</span> <span class='ocrx_word' id='word_1_38' title='bbox 1140 869 1280 957; x_wconf 89' lang='lat' dir='ltr'>probare</span> <span class='ocrx_word' id='word_1_39' title='bbox 1303 891 1433 935; x_wconf 86' lang='lat' dir='ltr'>necesse</span> <span class='ocrx_word' id='word_1_40' title='bbox 1528 860 1529 931; x_wconf 58' lang='grc' dir='ltr'>ἶ</span> 
     </span>
    </p>
   </div>
   <div class='ocr_carea' id='block_1_6' title="bbox 278 967 1529 1258">
    <p class='ocr_par' dir='ltr' id='par_1_6' title="bbox 278 967 1529 1258">
     <span class='ocr_line' id='line_1_6' title="bbox 278 967 1529 1056; baseline 0.002 -24"><span class='ocrx_word' id='word_1_41' title='bbox 278 967 387 1044; x_wconf 90' lang='lat' dir='ltr'>habet,</span> <span class='ocrx_word' id='word_1_42' title='bbox 409 967 526 1032; x_wconf 84' lang='lat' dir='ltr'><strong>iccirco</strong></span> <span class='ocrx_word' id='word_1_43' title='bbox 549 989 684 1034; x_wconf 88' lang='lat' dir='ltr'>necesse</span> <span class='ocrx_word' id='word_1_44' title='bbox 707 989 775 1032; x_wconf 90' lang='lat' dir='ltr'>nou</span> <span class='ocrx_word' id='word_1_45' title='bbox 797 967 909 1046; x_wconf 87' lang='lat' dir='ltr'>habet,</span> <span class='ocrx_word' id='word_1_46' title='bbox 931 970 1072 1056; x_wconf 88' lang='lat' dir='ltr'>probare</span> <span class='ocrx_word' id='word_1_47' title='bbox 1095 973 1137 1037; x_wconf 93' lang='lat' dir='ltr'>de</span> <span class='ocrx_word' id='word_1_48' title='bbox 1158 971 1276 1035; x_wconf 90' lang='lat' dir='ltr'>iniuria</span> <span class='ocrx_word' id='word_1_49' title='bbox 1297 971 1435 1035; x_wconf 86' lang='lat' dir='ltr'>alterius.</span> <span class='ocrx_word' id='word_1_50' title='bbox 1528 978 1529 997; x_wconf 67' lang='lat'>¹</span> 
     </span>
     <span class='ocr_line' id='line_1_7' title="bbox 278 1062 1529 1158; baseline 0 -22"><span class='ocrx_word' id='word_1_51' title='bbox 278 1072 353 1136; x_wconf 92' lang='lat' dir='ltr'>Hoc</span> <span class='ocrx_word' id='word_1_52' title='bbox 377 1079 483 1134; x_wconf 88' lang='lat' dir='ltr'>autern</span> <span class='ocrx_word' id='word_1_53' title='bbox 505 1068 601 1134; x_wconf 87' lang='lat' dir='ltr'>effato</span> <span class='ocrx_word' id='word_1_54' title='bbox 625 1066 688 1145; x_wconf 92' lang='lat' dir='ltr'>„de</span> <span class='ocrx_word' id='word_1_55' title='bbox 706 1069 777 1133; x_wconf 91' lang='lat' dir='ltr'>iure</span> <span class='ocrx_word' id='word_1_56' title='bbox 798 1088 859 1135; x_wconf 83' lang='lat' dir='ltr'>suo</span> <span class='ocrx_word' id='word_1_57' title='bbox 880 1071 1043 1157; x_wconf 87' lang='lat' dir='ltr'>probarc“</span> <span class='ocrx_word' id='word_1_58' title='bbox 1066 1073 1100 1137; x_wconf 93' lang='lat' dir='ltr'>in</span> <span class='ocrx_word' id='word_1_59' title='bbox 1121 1072 1292 1158; x_wconf 84' lang='lat' dir='ltr'>negatoria</span> <span class='ocrx_word' id='word_1_60' title='bbox 1311 1072 1435 1136; x_wconf 91' lang='lat' dir='ltr'>actione</span> <span class='ocrx_word' id='word_1_61' title='bbox 1528 1062 1529 1065; x_wconf 24' lang='lat'>¹</span> 
     </span>
     <span class='ocr_line' id='line_1_8' title="bbox 280 1167 1435 1258; baseline 0 -22"><span class='ocrx_word' id='word_1_62' title='bbox 280 1195 348 1238; x_wconf 89' lang='lat' dir='ltr'>non</span> <span class='ocrx_word' id='word_1_63' title='bbox 376 1168 514 1256; x_wconf 81' lang='lat' dir='ltr'>intelligi</span> <span class='ocrx_word' id='word_1_64' title='bbox 542 1167 698 1234; x_wconf 82' lang='lat' dir='ltr'>libertatis</span> <span class='ocrx_word' id='word_1_65' title='bbox 725 1170 969 1255; x_wconf 83' lang='lat' dir='ltr'>probationem,</span> <span class='ocrx_word' id='word_1_66' title='bbox 1007 1172 1098 1238; x_wconf 88' lang='lat' dir='ltr'>testis</span> <span class='ocrx_word' id='word_1_67' title='bbox 1128 1185 1176 1238; x_wconf 89' lang='lat' dir='ltr'>est</span> <span class='ocrx_word' id='word_1_68' title='bbox 1203 1174 1245 1236; x_wconf 90' lang='lat' dir='ltr'>L.</span> <span class='ocrx_word' id='word_1_69' title='bbox 1266 1174 1296 1238; x_wconf 92' lang='lat'>5.</span> <span class='ocrx_word' id='word_1_70' title='bbox 1319 1196 1368 1258; x_wconf 93' lang='lat' dir='ltr'>pr.</span> <span class='ocrx_word' id='word_1_71' title='bbox 1396 1172 1435 1236; x_wconf 91' lang='lat' dir='ltr'>de</span> 
     </span>
    </p>
   </div>
   <div class='ocr_carea' id='block_1_7' title="bbox 280 1268 1441 1764">
    <p class='ocr_par' dir='ltr' id='par_1_7' title="bbox 280 1268 1240 1340">
     <span class='ocr_line' id='line_1_9' title="bbox 280 1268 1240 1340; baseline 0 -3"><span class='ocrx_word' id='word_1_72' title='bbox 280 1271 358 1337; x_wconf 85' lang='lat' dir='ltr'>uslr.</span> <span class='ocrx_word' id='word_1_73' title='bbox 375 1281 407 1336; x_wconf 92' lang='lat' dir='ltr'>et</span> <span class='ocrx_word' id='word_1_74' title='bbox 418 1271 600 1338; x_wconf 77' lang='lat' dir='ltr'>Srurflaru</span> <span class='ocrx_word' id='word_1_75' title='bbox 622 1271 655 1334; x_wconf 90' lang='lat' dir='ltr'>in</span> <span class='ocrx_word' id='word_1_76' title='bbox 678 1268 804 1335; x_wconf 89' lang='lat' dir='ltr'>scholio</span> <span class='ocrx_word' id='word_1_77' title='bbox 826 1270 1033 1338; x_wconf 80' lang='lat' dir='ltr'>irrefutabilis</span> <span class='ocrx_word' id='word_1_78' title='bbox 1055 1275 1240 1340; x_wconf 83' lang='lat' dir='ltr'>auctoritas.</span> 
     </span>
    </p>

    <p class='ocr_par' dir='ltr' id='par_1_8' title="bbox 281 1370 1441 1764">
     <span class='ocr_line' id='line_1_10' title="bbox 387 1370 1438 1461; baseline -0.002 -23"><span class='ocrx_word' id='word_1_79' title='bbox 387 1373 442 1438; x_wconf 87' lang='lat' dir='ltr'>Ex</span> <span class='ocrx_word' id='word_1_80' title='bbox 472 1370 523 1436; x_wconf 90' lang='lat' dir='ltr'>bis</span> <span class='ocrx_word' id='word_1_81' title='bbox 552 1370 647 1435; x_wconf 89' lang='lat' dir='ltr'>simul</span> <span class='ocrx_word' id='word_1_82' title='bbox 677 1381 830 1457; x_wconf 85' lang='lat' dir='ltr'>apparet,</span> <span class='ocrx_word' id='word_1_83' title='bbox 866 1396 918 1438; x_wconf 91' lang='lat' dir='ltr'>me</span> <span class='ocrx_word' id='word_1_84' title='bbox 949 1375 1063 1440; x_wconf 92' lang='lat' dir='ltr'>ultima</span> <span class='ocrx_word' id='word_1_85' title='bbox 1096 1374 1153 1440; x_wconf 86' lang='lat' dir='ltr'>illa</span> <span class='ocrx_word' id='word_1_86' title='bbox 1178 1375 1261 1461; x_wconf 86' lang='lat' dir='ltr'>legis</span> <span class='ocrx_word' id='word_1_87' title='bbox 1291 1372 1438 1438; x_wconf 84' lang='lat' dir='ltr'>laudatae</span> 
     </span>
     <span class='ocr_line' id='line_1_11' title="bbox 285 1473 1439 1560; baseline -0.006 -18"><span class='ocrx_word' id='word_1_88' title='bbox 285 1475 387 1542; x_wconf 88' lang='lat' dir='ltr'>uerba</span> <span class='ocrx_word' id='word_1_89' title='bbox 407 1473 449 1538; x_wconf 90' lang='lat' dir='ltr'>ad</span> <span class='ocrx_word' id='word_1_90' title='bbox 470 1482 639 1557; x_wconf 85' lang='lat' dir='ltr'>utramque</span> <span class='ocrx_word' id='word_1_91' title='bbox 660 1473 729 1538; x_wconf 89' lang='lat' dir='ltr'>eius</span> <span class='ocrx_word' id='word_1_92' title='bbox 750 1484 875 1558; x_wconf 87' lang='lat' dir='ltr'>partem</span> <span class='ocrx_word' id='word_1_93' title='bbox 889 1474 1020 1552; x_wconf 77' lang='lat' dir='ltr'>reterre,</span> <span class='ocrx_word' id='word_1_94' title='bbox 1038 1477 1114 1541; x_wconf 89' lang='lat' dir='ltr'>licet</span> <span class='ocrx_word' id='word_1_95' title='bbox 1136 1476 1207 1540; x_wconf 90' lang='lat' dir='ltr'>etii</span> <span class='ocrx_word' id='word_1_96' title='bbox 1225 1485 1312 1541; x_wconf 88' lang='lat' dir='ltr'>recte</span> <span class='ocrx_word' id='word_1_97' title='bbox 1334 1486 1439 1560; x_wconf 87' lang='lat' dir='ltr'>agant,</span> 
     </span>
     <span class='ocr_line' id='line_1_12' title="bbox 284 1574 1440 1663; baseline -0.005 -21"><span class='ocrx_word' id='word_1_98' title='bbox 284 1576 340 1663; x_wconf 90' lang='lat' dir='ltr'>qui</span> <span class='ocrx_word' id='word_1_99' title='bbox 369 1575 411 1641; x_wconf 88' lang='lat' dir='ltr'>ad</span> <span class='ocrx_word' id='word_1_100' title='bbox 432 1574 647 1662; x_wconf 81' lang='lat' dir='ltr'>posteriorem</span> <span class='ocrx_word' id='word_1_101' title='bbox 670 1585 793 1639; x_wconf 87' lang='lat' dir='ltr'>tantum</span> <span class='ocrx_word' id='word_1_102' title='bbox 820 1576 982 1661; x_wconf 83' lang='lat' dir='ltr'>respicere</span> <span class='ocrx_word' id='word_1_103' title='bbox 1012 1601 1052 1642; x_wconf 87' lang='lat' dir='ltr'>ea</span> <span class='ocrx_word' id='word_1_104' title='bbox 1081 1586 1213 1663; x_wconf 91' lang='lat' dir='ltr'>putent,</span> <span class='ocrx_word' id='word_1_105' title='bbox 1245 1599 1322 1640; x_wconf 88' lang='lat' dir='ltr'>nam</span> <span class='ocrx_word' id='word_1_106' title='bbox 1342 1574 1440 1660; x_wconf 89' lang='lat' dir='ltr'>priori</span> 
     </span>
     <span class='ocr_line' id='line_1_13' title="bbox 281 1673 1441 1764; baseline -0.005 -22"><span class='ocrx_word' id='word_1_107' title='bbox 281 1677 365 1764; x_wconf 88' lang='lat' dir='ltr'>parti</span> <span class='ocrx_word' id='word_1_108' title='bbox 386 1675 491 1741; x_wconf 90' lang='lat' dir='ltr'>simile</span> <span class='ocrx_word' id='word_1_109' title='bbox 513 1673 634 1760; x_wconf 86' lang='lat' dir='ltr'>aliquid</span> <span class='ocrx_word' id='word_1_110' title='bbox 648 1675 712 1738; x_wconf 87' lang='lat' dir='ltr'>iam</span> <span class='ocrx_word' id='word_1_111' title='bbox 735 1673 934 1741; x_wconf 84' lang='lat' dir='ltr'>adnexuerat</span> <span class='ocrx_word' id='word_1_112' title='bbox 959 1678 1166 1742; x_wconf 71' lang='lat' dir='ltr'>Asnrcarws</span> <span class='ocrx_word' id='word_1_113' title='bbox 1188 1676 1300 1742; x_wconf 87' lang='lat' dir='ltr'>dicens</span> <span class='ocrx_word' id='word_1_114' title='bbox 1324 1697 1441 1760; x_wconf 87' lang='lat' dir='ltr'>„quam</span> 
     </span>
    </p>
   </div>
   <div class='ocr_carea' id='block_1_8' title="bbox 283 1775 1529 1862">
    <p class='ocr_par' dir='ltr' id='par_1_9' title="bbox 283 1775 1529 1862">
     <span class='ocr_line' id='line_1_14' title="bbox 283 1775 1529 1862; baseline -0.002 -20"><span class='ocrx_word' id='word_1_115' title='bbox 283 1779 367 1842; x_wconf 92' lang='lat' dir='ltr'>ultro</span> <span class='ocrx_word' id='word_1_116' title='bbox 391 1777 531 1862; x_wconf 82' lang='lat' dir='ltr'>egisset,</span> <span class='ocrx_word' id='word_1_117' title='bbox 560 1777 610 1840; x_wconf 88' lang='lat' dir='ltr'>ius</span> <span class='ocrx_word' id='word_1_118' title='bbox 633 1775 696 1840; x_wconf 88' lang='lat' dir='ltr'>sibi</span> <span class='ocrx_word' id='word_1_119' title='bbox 727 1797 798 1840; x_wconf 86' lang='lat' dir='ltr'>esse</span> <span class='ocrx_word' id='word_1_120' title='bbox 823 1776 917 1842; x_wconf 89' lang='lat' dir='ltr'>altius</span> <span class='ocrx_word' id='word_1_121' title='bbox 946 1779 1094 1843; x_wconf 88' lang='lat' dir='ltr'>tollerc.“</span> <span class='ocrx_word' id='word_1_122' title='bbox 1141 1777 1231 1842; x_wconf 88' lang='lat' dir='ltr'>Fieri</span> <span class='ocrx_word' id='word_1_123' title='bbox 1255 1786 1363 1844; x_wconf 88' lang='lat' dir='ltr'>autem</span> <span class='ocrx_word' id='word_1_124' title='bbox 1384 1799 1440 1840; x_wconf 91' lang='lat' dir='ltr'>ne·</span> <span class='ocrx_word' id='word_1_125' title='bbox 1528 1824 1529 1829; x_wconf 36' lang='lat'>1</span> 
     </span>
    </p>
   </div>
   <div class='ocr_carea' id='block_1_9' title="bbox 284 1875 1440 1964">
    <p class='ocr_par' dir='ltr' id='par_1_10' title="bbox 284 1875 1440 1964">
     <span class='ocr_line' id='line_1_15' title="bbox 284 1875 1440 1964; baseline -0.003 -22"><span class='ocrx_word' id='word_1_126' title='bbox 284 1879 368 1964; x_wconf 92' lang='lat' dir='ltr'>quit,</span> <span class='ocrx_word' id='word_1_127' title='bbox 396 1888 431 1941; x_wconf 90' lang='lat' dir='ltr'>ut</span> <span class='ocrx_word' id='word_1_128' title='bbox 452 1877 578 1943; x_wconf 88' lang='lat' dir='ltr'>initium</span> <span class='ocrx_word' id='word_1_129' title='bbox 600 1875 705 1941; x_wconf 89' lang='lat' dir='ltr'>solum</span> <span class='ocrx_word' id='word_1_130' title='bbox 727 1877 899 1962; x_wconf 86' lang='lat' dir='ltr'>fragmenti</span> <span class='ocrx_word' id='word_1_131' title='bbox 919 1880 983 1946; x_wconf 93' lang='lat' dir='ltr'>hoc</span> <span class='ocrx_word' id='word_1_132' title='bbox 1005 1879 1235 1954; x_wconf 84' lang='lat' dir='ltr'>addidamento</span> <span class='ocrx_word' id='word_1_133' title='bbox 1259 1888 1349 1944; x_wconf 89' lang='lat' dir='ltr'>recte</span> <span class='ocrx_word' id='word_1_134' title='bbox 1371 1877 1440 1962; x_wconf 93' lang='lat' dir='ltr'>opi-</span> 
     </span>
    </p>
   </div>
   <div class='ocr_carea' id='block_1_10' title="bbox 284 1977 1529 2064">
    <p class='ocr_par' dir='ltr' id='par_1_11' title="bbox 284 1977 1529 2064">
     <span class='ocr_line' id='line_1_16' title="bbox 284 1977 1529 2064; baseline -0.004 -20"><span class='ocrx_word' id='word_1_135' title='bbox 284 2002 398 2044; x_wconf 89' lang='lat' dir='ltr'>nemur</span> <span class='ocrx_word' id='word_1_136' title='bbox 418 1977 600 2063; x_wconf 89' lang='lat' dir='ltr'>indigitari‚</span> <span class='ocrx_word' id='word_1_137' title='bbox 627 1978 715 2063; x_wconf 87' lang='lat' dir='ltr'>quod</span> <span class='ocrx_word' id='word_1_138' title='bbox 735 1979 907 2063; x_wconf 84' lang='lat' dir='ltr'>proposuit</span> <span class='ocrx_word' id='word_1_139' title='bbox 934 1983 1166 2048; x_wconf 76' lang='lat' dir='ltr'>ssvsrcacvs</span> <span class='ocrx_word' id='word_1_140' title='bbox 1195 2002 1229 2064; x_wconf 89' lang='lat' dir='ltr'>p.</span> <span class='ocrx_word' id='word_1_141' title='bbox 1256 1978 1328 2056; x_wconf 67' lang='lat'>83„</span> <span class='ocrx_word' id='word_1_142' title='bbox 1371 1977 1441 2042; x_wconf 85' lang='lat' dir='ltr'>talis</span> <span class='ocrx_word' id='word_1_143' title='bbox 1528 1980 1529 2049; x_wconf 76' lang='lat' dir='ltr'>J</span> 
     </span>
    </p>
   </div>
   <div class='ocr_carea' id='block_1_11' title="bbox 285 2077 1269 2166">
    <p class='ocr_par' dir='ltr' id='par_1_12' title="bbox 285 2077 1269 2166">
     <span class='ocr_line' id='line_1_17' title="bbox 285 2077 1269 2166; baseline -0.007 -18"><span class='ocrx_word' id='word_1_144' title='bbox 285 2080 371 2148; x_wconf 84' lang='lat' dir='ltr'>enim</span> <span class='ocrx_word' id='word_1_145' title='bbox 391 2079 611 2165; x_wconf 88' lang='lat' dir='ltr'>interpretatio</span> <span class='ocrx_word' id='word_1_146' title='bbox 634 2101 764 2144; x_wconf 89' lang='lat' dir='ltr'>omnem</span> <span class='ocrx_word' id='word_1_147' title='bbox 786 2077 918 2142; x_wconf 91' lang='lat' dir='ltr'>dicendi</span> <span class='ocrx_word' id='word_1_148' title='bbox 937 2079 1070 2165; x_wconf 91' lang='lat' dir='ltr'>logicen</span> <span class='ocrx_word' id='word_1_149' title='bbox 1093 2081 1269 2166; x_wconf 86' lang='lat' dir='ltr'>perturbat.</span> 
     </span>
    </p>
   </div>
   <div class='ocr_carea' id='block_1_12' title="bbox 204 2150 1529 2367">
    <p class='ocr_par' dir='ltr' id='par_1_13' title="bbox 204 2150 1529 2367">
     <span class='ocr_line' id='line_1_18' title="bbox 204 2150 1529 2268; baseline -0.001 -22"><span class='ocrx_word' id='word_1_150' title='bbox 204 2261 207 2266; x_wconf 86' lang='lat'><strong>.</strong></span> <span class='ocrx_word' id='word_1_151' title='bbox 388 2180 542 2266; x_wconf 90' lang='lat' dir='ltr'>Denique</span> <span class='ocrx_word' id='word_1_152' title='bbox 575 2180 615 2244; x_wconf 90' lang='lat' dir='ltr'>de</span> <span class='ocrx_word' id='word_1_153' title='bbox 649 2180 739 2244; x_wconf 91' lang='lat' dir='ltr'>omni</span> <span class='ocrx_word' id='word_1_154' title='bbox 772 2178 833 2244; x_wconf 85' lang='lat' dir='ltr'>bae</span> <span class='ocrx_word' id='word_1_155' title='bbox 871 2179 1077 2246; x_wconf 88' lang='lat' dir='ltr'>indefensum</span> <span class='ocrx_word' id='word_1_156' title='bbox 1111 2179 1270 2268; x_wconf 91' lang='lat' dir='ltr'>puniendi</span> <span class='ocrx_word' id='word_1_157' title='bbox 1315 2178 1440 2243; x_wconf 88' lang='lat' dir='ltr'>ratione</span> <span class='ocrx_word' id='word_1_158' title='bbox 1528 2150 1529 2245; x_wconf 70' lang='lat' dir='ltr'>i</span> 
     </span>
     <span class='ocr_line' id='line_1_19' title="bbox 285 2268 1529 2367; baseline -0.006 -18"><span class='ocrx_word' id='word_1_159' title='bbox 285 2281 443 2349; x_wconf 87' lang='lat' dir='ltr'>Romanis</span> <span class='ocrx_word' id='word_1_160' title='bbox 463 2281 581 2346; x_wconf 88' lang='lat' dir='ltr'>usitata</span> <span class='ocrx_word' id='word_1_161' title='bbox 601 2280 656 2364; x_wconf 92' lang='lat' dir='ltr'>qui</span> <span class='ocrx_word' id='word_1_162' title='bbox 676 2281 771 2366; x_wconf 88' lang='lat' dir='ltr'>plura</span> <span class='ocrx_word' id='word_1_163' title='bbox 790 2281 902 2366; x_wconf 85' lang='lat' dir='ltr'>legere</span> <span class='ocrx_word' id='word_1_164' title='bbox 923 2282 1097 2367; x_wconf 87' lang='lat' dir='ltr'>cupierint,</span> <span class='ocrx_word' id='word_1_165' title='bbox 1119 2281 1238 2366; x_wconf 89' lang='lat' dir='ltr'>delego</span> <span class='ocrx_word' id='word_1_166' title='bbox 1260 2279 1302 2343; x_wconf 88' lang='lat' dir='ltr'>ad</span> <span class='ocrx_word' id='word_1_167' title='bbox 1323 2281 1441 2344; x_wconf 79' lang='lat' dir='ltr'>Buru-</span> <span class='ocrx_word' id='word_1_168' title='bbox 1528 2268 1529 2295; x_wconf 58' lang='lat'>¹</span> 
     </span>
    </p>
   </div>
   <div class='ocr_carea' id='block_1_13' title="bbox 257 2382 1442 2669">
    <p class='ocr_par' dir='ltr' id='par_1_14' title="bbox 257 2382 1441 2669">
     <span class='ocr_line' id='line_1_20' title="bbox 287 2382 1441 2470; baseline -0.004 -20"><span class='ocrx_word' id='word_1_169' title='bbox 287 2402 455 2450; x_wconf 74' lang='lat' dir='ltr'>nanuum·</span> <span class='ocrx_word' id='word_1_170' title='bbox 457 2384 538 2448; x_wconf 87' lang='lat' dir='ltr'>Hor</span> <span class='ocrx_word' id='word_1_171' title='bbox 539 2399 710 2446; x_wconf 77' lang='lat' dir='ltr'>nwnewu</span> <span class='ocrx_word' id='word_1_172' title='bbox 739 2382 816 2449; x_wconf 91' lang='lat' dir='ltr'>Vol</span> <span class='ocrx_word' id='word_1_173' title='bbox 837 2384 863 2446; x_wconf 91' lang='grc' dir='ltr'>Ι.</span> <span class='ocrx_word' id='word_1_174' title='bbox 888 2385 1031 2470; x_wconf 79' lang='lat' dir='ltr'><strong>p.277.,</strong></span> <span class='ocrx_word' id='word_1_175' title='bbox 1079 2383 1441 2466; x_wconf 70' lang='lat' dir='ltr'>Farnomvnp.14.,</span> 
     </span>
     <span class='ocr_line' id='line_1_21' title="bbox 286 2482 1442 2569; baseline -0.003 -19"><span class='ocrx_word' id='word_1_176' title='bbox 286 2484 500 2568; x_wconf 75' lang='lat' dir='ltr'>SncmvuS</span> <span class='ocrx_word' id='word_1_177' title='bbox 529 2483 599 2560; x_wconf 90' lang='grc'><strong>82.,</strong></span> <span class='ocrx_word' id='word_1_178' title='bbox 638 2482 814 2569; x_wconf 87' lang='lat' dir='ltr'>praecipue</span> <span class='ocrx_word' id='word_1_179' title='bbox 840 2507 920 2550; x_wconf 89' lang='lat' dir='ltr'>uero</span> <span class='ocrx_word' id='word_1_180' title='bbox 945 2486 1190 2550; x_wconf 82' lang='lat' dir='ltr'>Rvnonssrvn</span> <span class='ocrx_word' id='word_1_181' title='bbox 1220 2507 1253 2569; x_wconf 91' lang='lat' dir='ltr'>p.</span> <span class='ocrx_word' id='word_1_182' title='bbox 1281 2484 1334 2550; x_wconf 89' lang='grc'>22.</span> <span class='ocrx_word' id='word_1_183' title='bbox 1355 2504 1442 2566; x_wconf 82' lang='lat' dir='ltr'>seqq</span> 
     </span>
     <span class='ocr_line' id='line_1_22' title="bbox 257 2585 503 2669; baseline -0.004 0"><span class='ocrx_word' id='word_1_184' title='bbox 257 2585 503 2669; x_wconf 63' lang='grc'><strong>13355511</strong></span> 
     </span>
    </p>
   </div>
   <div class='ocr_carea' id='block_1_14' title="bbox 285 2684 1529 2976">
    <p class='ocr_par' dir='ltr' id='par_1_15' title="bbox 285 2684 1529 2976">
     <span class='ocr_line' id='line_1_23' title="bbox 357 2684 1442 2771; baseline -0.003 -21.921"><span class='ocrx_word' id='word_1_185' title='bbox 357 2686 501 2770; x_wconf 82' lang='lat' dir='ltr'>¹Itaque</span> <span class='ocrx_word' id='word_1_186' title='bbox 523 2696 736 2770; x_wconf 87' lang='lat' dir='ltr'>postquame</span> <span class='ocrx_word' id='word_1_187' title='bbox 719 2686 845 2770; x_wconf 87' lang='lat' dir='ltr'>etlege</span> <span class='ocrx_word' id='word_1_188' title='bbox 866 2689 913 2753; x_wconf 90' lang='lat'>15.</span> <span class='ocrx_word' id='word_1_189' title='bbox 936 2687 976 2752; x_wconf 90' lang='lat' dir='ltr'>de</span> <span class='ocrx_word' id='word_1_190' title='bbox 997 2687 1040 2752; x_wconf 90' lang='grc' dir='ltr'>Ο.</span> <span class='ocrx_word' id='word_1_191' title='bbox 1062 2687 1102 2751; x_wconf 88' lang='grc' dir='ltr'>Ν.</span> <span class='ocrx_word' id='word_1_192' title='bbox 1125 2687 1168 2750; x_wconf 90' lang='grc' dir='ltr'>Ν.</span> <span class='ocrx_word' id='word_1_193' title='bbox 1196 2685 1276 2751; x_wconf 91' lang='lat' dir='ltr'>nihil</span> <span class='ocrx_word' id='word_1_194' title='bbox 1299 2709 1363 2771; x_wconf 92' lang='lat' dir='ltr'>pro</span> <span class='ocrx_word' id='word_1_195' title='bbox 1387 2684 1442 2749; x_wconf 89' lang='lat' dir='ltr'>ad·</span> 
     </span>
     <span class='ocr_line' id='line_1_24' title="bbox 286 2786 1529 2872; baseline -0.002 -20"><span class='ocrx_word' id='word_1_196' title='bbox 286 2786 439 2853; x_wconf 85' lang='lat' dir='ltr'>uersariis</span> <span class='ocrx_word' id='word_1_197' title='bbox 462 2786 581 2852; x_wconf 88' lang='lat' dir='ltr'>nostris</span> <span class='ocrx_word' id='word_1_198' title='bbox 606 2786 689 2852; x_wconf 89' lang='lat' dir='ltr'>effici</span> <span class='ocrx_word' id='word_1_199' title='bbox 717 2787 877 2865; x_wconf 87' lang='lat' dir='ltr'>uidimus,</span> <span class='ocrx_word' id='word_1_200' title='bbox 906 2811 1006 2872; x_wconf 91' lang='lat' dir='ltr'>quum</span> <span class='ocrx_word' id='word_1_201' title='bbox 1029 2788 1163 2853; x_wconf 90' lang='lat' dir='ltr'>omnino</span> <span class='ocrx_word' id='word_1_202' title='bbox 1185 2811 1251 2852; x_wconf 90' lang='lat' dir='ltr'>uon</span> <span class='ocrx_word' id='word_1_203' title='bbox 1280 2788 1323 2852; x_wconf 89' lang='lat' dir='ltr'>de</span> <span class='ocrx_word' id='word_1_204' title='bbox 1345 2787 1442 2851; x_wconf 91' lang='lat' dir='ltr'>liber·</span> <span class='ocrx_word' id='word_1_205' title='bbox 1528 2802 1529 2859; x_wconf 64' lang='lat' dir='ltr'>t</span> 
     </span>
     <span class='ocr_line' id='line_1_25' title="bbox 285 2887 1529 2976; baseline -0.001 -22"><span class='ocrx_word' id='word_1_206' title='bbox 285 2890 358 2956; x_wconf 87' lang='lat' dir='ltr'>tatis</span> <span class='ocrx_word' id='word_1_207' title='bbox 378 2913 398 2954; x_wconf 87' lang='lat' dir='ltr'>a</span> <span class='ocrx_word' id='word_1_208' title='bbox 414 2887 567 2954; x_wconf 84' lang='lat' dir='ltr'>seruitute</span> <span class='ocrx_word' id='word_1_209' title='bbox 589 2887 794 2972; x_wconf 88' lang='lat' dir='ltr'>probatione,</span> <span class='ocrx_word' id='word_1_210' title='bbox 817 2890 875 2954; x_wconf 89' lang='lat' dir='ltr'>sed</span> <span class='ocrx_word' id='word_1_211' title='bbox 896 2890 1091 2975; x_wconf 88' lang='lat' dir='ltr'>generaliter</span> <span class='ocrx_word' id='word_1_212' title='bbox 1111 2891 1153 2954; x_wconf 90' lang='lat' dir='ltr'>de</span> <span class='ocrx_word' id='word_1_213' title='bbox 1176 2889 1372 2976; x_wconf 87' lang='lat' dir='ltr'>probatione</span> <span class='ocrx_word' id='word_1_214' title='bbox 1396 2888 1443 2950; x_wconf 91' lang='lat' dir='ltr'>di·</span> <span class='ocrx_word' id='word_1_215' title='bbox 1528 2950 1529 2953; x_wconf 74' lang='grc'><strong>,</strong></span> 
     </span>
    </p>
   </div>
   <div class='ocr_carea' id='block_1_15' title="bbox 287 2990 1443 3076">
    <p class='ocr_par' dir='ltr' id='par_1_16' title="bbox 287 2976 1529 3076">
     <span class='ocr_line' id='line_1_26' title="bbox 287 2990 1443 3076; baseline -0.006 -19"><span class='ocrx_word' id='word_1_216' title='bbox 287 3003 394 3069; x_wconf 90' lang='lat' dir='ltr'>eatur,</span> <span class='ocrx_word' id='word_1_217' title='bbox 429 3014 512 3076; x_wconf 91' lang='lat' dir='ltr'>quae</span> <span class='ocrx_word' id='word_1_218' title='bbox 545 2991 714 3076; x_wconf 87' lang='lat' dir='ltr'>qualis-sit</span> <span class='ocrx_word' id='word_1_219' title='bbox 733 2990 924 3074; x_wconf 84' lang='lat' dir='ltr'>inutraque</span> <span class='ocrx_word' id='word_1_220' title='bbox 946 2991 1073 3056; x_wconf 88' lang='lat' dir='ltr'>actione</span> <span class='ocrx_word' id='word_1_221' title='bbox 1093 2991 1214 3055; x_wconf 85' lang='lat' dir='ltr'>affatim</span> <span class='ocrx_word' id='word_1_222' title='bbox 1236 2991 1270 3053; x_wconf 91' lang='lat' dir='ltr'>in</span> <span class='ocrx_word' id='word_1_223' title='bbox 1295 2990 1443 3076; x_wconf 89' lang='lat' dir='ltr'>superio·</span> 
     </span>
    </p>
   </div>
   <div class='ocr_carea' id='block_1_16' title="bbox 243 3091 1443 3380">
    <p class='ocr_par' dir='ltr' id='par_1_17' title="bbox 243 3091 1442 3380">
     <span class='ocr_line' id='line_1_27' title="bbox 243 3091 1442 3176; baseline -0.003 -18"><span class='ocrx_word' id='word_1_224' title='bbox 243 3123 245 3126; x_wconf 94' lang='lat'>·</span> <span class='ocrx_word' id='word_1_225' title='bbox 285 3093 375 3158; x_wconf 92' lang='lat' dir='ltr'>ribus</span> <span class='ocrx_word' id='word_1_226' title='bbox 408 3091 717 3167; x_wconf 89' lang='lat' dir='ltr'>demonstrauimus,</span> <span class='ocrx_word' id='word_1_227' title='bbox 751 3091 924 3156; x_wconf 90' lang='lat' dir='ltr'>terminum</span> <span class='ocrx_word' id='word_1_228' title='bbox 952 3091 1122 3176; x_wconf 88' lang='lat' dir='ltr'>imponere</span> <span class='ocrx_word' id='word_1_229' title='bbox 1150 3091 1227 3156; x_wconf 87' lang='lat' dir='ltr'>licet</span> <span class='ocrx_word' id='word_1_230' title='bbox 1250 3091 1329 3157; x_wconf 89' lang='lat' dir='ltr'>huic</span> <span class='ocrx_word' id='word_1_231' title='bbox 1355 3116 1442 3157; x_wconf 92' lang='lat' dir='ltr'>oom-</span> 
     </span>
     <span class='ocr_line' id='line_1_28' title="bbox 286 3190 1443 3280; baseline -0.003 -20"><span class='ocrx_word' id='word_1_232' title='bbox 286 3193 492 3260; x_wconf 89' lang='lat' dir='ltr'>mentationi:</span> <span class='ocrx_word' id='word_1_233' title='bbox 520 3215 595 3256; x_wconf 90' lang='lat' dir='ltr'>nam</span> <span class='ocrx_word' id='word_1_234' title='bbox 618 3190 759 3276; x_wconf 88' lang='lat' dir='ltr'>reliquas</span> <span class='ocrx_word' id='word_1_235' title='bbox 782 3192 873 3278; x_wconf 86' lang='lat' dir='ltr'>leges</span> <span class='ocrx_word' id='word_1_236' title='bbox 897 3217 917 3257; x_wconf 90' lang='lat' dir='ltr'>a</span> <span class='ocrx_word' id='word_1_237' title='bbox 944 3193 1057 3258; x_wconf 64' lang='lat' dir='ltr'>Piero</span> <span class='ocrx_word' id='word_1_238' title='bbox 1089 3195 1280 3279; x_wconf 88' lang='lat' dir='ltr'>praesertim</span> <span class='ocrx_word' id='word_1_239' title='bbox 1309 3218 1345 3280; x_wconf 92' lang='lat' dir='ltr'>p</span> <span class='ocrx_word' id='word_1_240' title='bbox 1375 3193 1443 3261; x_wconf 84' lang='grc'><strong>218.</strong></span> 
     </span>
     <span class='ocr_line' id='line_1_29' title="bbox 284 3293 1442 3380; baseline -0.005 -19"><span class='ocrx_word' id='word_1_241' title='bbox 284 3297 318 3361; x_wconf 92' lang='lat' dir='ltr'>in</span> <span class='ocrx_word' id='word_1_242' title='bbox 355 3318 447 3360; x_wconf 87' lang='lat' dir='ltr'>suam</span> <span class='ocrx_word' id='word_1_243' title='bbox 491 3294 680 3380; x_wconf 89' lang='lat' dir='ltr'>opinionem</span> <span class='ocrx_word' id='word_1_244' title='bbox 721 3293 853 3371; x_wconf 84' lang='lat' dir='ltr'>allatas,</span> <span class='ocrx_word' id='word_1_245' title='bbox 872 3293 984 3358; x_wconf 89' lang='lat' dir='ltr'>uelut</span> <span class='ocrx_word' id='word_1_246' title='bbox 1014 3294 1056 3357; x_wconf 88' lang='lat' dir='ltr'>L.</span> <span class='ocrx_word' id='word_1_247' title='bbox 1079 3297 1107 3360; x_wconf 94' lang='grc'>1.</span> <span class='ocrx_word' id='word_1_248' title='bbox 1140 3295 1172 3379; x_wconf 89' lang='lat' dir='ltr'>S.</span> <span class='ocrx_word' id='word_1_249' title='bbox 1195 3298 1223 3360; x_wconf 92' lang='grc'>1.</span> <span class='ocrx_word' id='word_1_250' title='bbox 1254 3294 1295 3358; x_wconf 92' lang='lat' dir='ltr'>de</span> <span class='ocrx_word' id='word_1_251' title='bbox 1323 3294 1442 3379; x_wconf 82' lang='lat' dir='ltr'>superi.</span> 
     </span>
    </p>
   </div>
   <div class='ocr_carea' id='block_1_17' title="bbox 285 3394 1529 3481">
    <p class='ocr_par' dir='ltr' id='par_1_18' title="bbox 285 3394 1529 3481">
     <span class='ocr_line' id='line_1_30' title="bbox 285 3394 1529 3481; baseline -0.004 -20"><span class='ocrx_word' id='word_1_252' title='bbox 285 3395 510 3477; x_wconf 86' lang='lat' dir='ltr'>(XXXXIII,</span> <span class='ocrx_word' id='word_1_253' title='bbox 535 3395 616 3481; x_wconf 88' lang='grc'><strong>18),</strong></span> <span class='ocrx_word' id='word_1_254' title='bbox 650 3396 743 3460; x_wconf 84' lang='lat' dir='ltr'>etL.</span> <span class='ocrx_word' id='word_1_255' title='bbox 764 3395 795 3460; x_wconf 88' lang='grc'><strong>5</strong></span> <span class='ocrx_word' id='word_1_256' title='bbox 823 3396 854 3478; x_wconf 88' lang='lat' dir='ltr'>S.</span> <span class='ocrx_word' id='word_1_257' title='bbox 880 3395 928 3462; x_wconf 84' lang='lat'><strong>10.</strong></span> <span class='ocrx_word' id='word_1_258' title='bbox 949 3394 1053 3459; x_wconf 83' lang='grc' dir='ltr'>(1θο</span> <span class='ocrx_word' id='word_1_259' title='bbox 1073 3395 1115 3460; x_wconf 91' lang='lat' dir='ltr'>N.</span> <span class='ocrx_word' id='word_1_260' title='bbox 1136 3395 1178 3458; x_wconf 91' lang='lat' dir='ltr'><strong>N.</strong></span> <span class='ocrx_word' id='word_1_261' title='bbox 1209 3394 1267 3478; x_wconf 82' lang='lat' dir='ltr'><strong>(cf.</strong></span> <span class='ocrx_word' id='word_1_262' title='bbox 1289 3394 1440 3479; x_wconf 90' lang='lat' dir='ltr'>supraS</span> <span class='ocrx_word' id='word_1_263' title='bbox 1528 3454 1529 3481; x_wconf 73' lang='lat'>,</span> 
     </span>
    </p>
   </div>
   <div class='ocr_carea' id='block_1_18' title="bbox 282 3493 1441 3580">
    <p class='ocr_par' dir='ltr' id='par_1_19' title="bbox 282 3486 1529 3581">
     <span class='ocr_line' id='line_1_31' title="bbox 282 3493 1441 3580; baseline -0.006 -16"><span class='ocrx_word' id='word_1_264' title='bbox 282 3499 344 3573; x_wconf 75' lang='lat'>32,</span> <span class='ocrx_word' id='word_1_265' title='bbox 378 3498 570 3563; x_wconf 80' lang='lat' dir='ltr'>WIRTfflvs</span> <span class='ocrx_word' id='word_1_266' title='bbox 591 3498 622 3579; x_wconf 91' lang='lat' dir='ltr'>S.</span> <span class='ocrx_word' id='word_1_267' title='bbox 640 3496 689 3572; x_wconf 87' lang='grc'>9.,</span> <span class='ocrx_word' id='word_1_268' title='bbox 717 3497 748 3578; x_wconf 91' lang='lat' dir='ltr'>S</span> <span class='ocrx_word' id='word_1_269' title='bbox 772 3496 839 3578; x_wconf 85' lang='lat' dir='ltr'>ll.)</span> <span class='ocrx_word' id='word_1_270' title='bbox 866 3518 908 3560; x_wconf 91' lang='lat' dir='ltr'>ne</span> <span class='ocrx_word' id='word_1_271' title='bbox 931 3495 1089 3580; x_wconf 88' lang='lat' dir='ltr'>attingere</span> <span class='ocrx_word' id='word_1_272' title='bbox 1118 3494 1250 3580; x_wconf 89' lang='lat' dir='ltr'>quidem</span> <span class='ocrx_word' id='word_1_273' title='bbox 1278 3493 1441 3578; x_wconf 88' lang='lat' dir='ltr'>quaestio·</span> 
     </span>
    </p>
   </div>
   <div class='ocr_carea' id='block_1_19' title="bbox 282 3595 1267 3681">
    <p class='ocr_par' dir='ltr' id='par_1_20' title="bbox 282 3595 1267 3681">
     <span class='ocr_line' id='line_1_32' title="bbox 282 3595 1267 3681; baseline -0.003 -19"><span class='ocrx_word' id='word_1_274' title='bbox 282 3621 357 3662; x_wconf 91' lang='lat' dir='ltr'>nem</span> <span class='ocrx_word' id='word_1_275' title='bbox 374 3607 536 3675; x_wconf 90' lang='lat' dir='ltr'>nostram,</span> <span class='ocrx_word' id='word_1_276' title='bbox 562 3597 747 3681; x_wconf 91' lang='lat' dir='ltr'>quicunque</span> <span class='ocrx_word' id='word_1_277' title='bbox 770 3596 958 3681; x_wconf 85' lang='lat' dir='ltr'>inspexerit,</span> <span class='ocrx_word' id='word_1_278' title='bbox 980 3595 1075 3660; x_wconf 84' lang='lat' dir='ltr'>facile</span> <span class='ocrx_word' id='word_1_279' title='bbox 1097 3595 1267 3681; x_wconf 88' lang='lat' dir='ltr'>intelliget.</span> 
     </span>
    </p>
   </div>
   <div class='ocr_carea' id='block_1_20' title="bbox 385 3684 1529 3784">
    <p class='ocr_par' dir='ltr' id='par_1_21' title="bbox 385 3684 1529 3784">
     <span class='ocr_line' id='line_1_33' title="bbox 385 3684 1529 3784; baseline -0.003 -22"><span class='ocrx_word' id='word_1_280' title='bbox 385 3697 499 3762; x_wconf 86' lang='lat' dir='ltr'>Restat</span> <span class='ocrx_word' id='word_1_281' title='bbox 523 3698 638 3784; x_wconf 91' lang='lat' dir='ltr'>igitur,</span> <span class='ocrx_word' id='word_1_282' title='bbox 670 3707 705 3760; x_wconf 90' lang='lat' dir='ltr'>ut</span> <span class='ocrx_word' id='word_1_283' title='bbox 734 3694 804 3760; x_wconf 92' lang='lat' dir='ltr'>siue</span> <span class='ocrx_word' id='word_1_284' title='bbox 835 3696 913 3780; x_wconf 85' lang='lat' dir='ltr'>quid</span> <span class='ocrx_word' id='word_1_285' title='bbox 943 3695 1098 3761; x_wconf 88' lang='lat' dir='ltr'>audacius</span> <span class='ocrx_word' id='word_1_286' title='bbox 1125 3697 1352 3783; x_wconf 90' lang='lat' dir='ltr'>proposuisse,</span> <span class='ocrx_word' id='word_1_287' title='bbox 1374 3697 1440 3760; x_wconf 91' lang='lat' dir='ltr'>siue</span> <span class='ocrx_word' id='word_1_288' title='bbox 1528 3684 1529 3759; x_wconf 71' lang='lat' dir='ltr'>l</span> 
     </span>
    </p>
   </div>
   <div class='ocr_carea' id='block_1_21' title="bbox 279 3797 1439 3885">
    <p class='ocr_par' dir='ltr' id='par_1_22' title="bbox 279 3797 1439 3885">
     <span class='ocr_line' id='line_1_34' title="bbox 279 3797 1439 3885; baseline -0.003 -22"><span class='ocrx_word' id='word_1_289' title='bbox 279 3799 498 3885; x_wconf 87' lang='lat' dir='ltr'>negligentius</span> <span class='ocrx_word' id='word_1_290' title='bbox 520 3799 663 3865; x_wconf 84' lang='lat' dir='ltr'>exsecuti</span> <span class='ocrx_word' id='word_1_291' title='bbox 684 3819 756 3863; x_wconf 89' lang='lat' dir='ltr'>esse</span> <span class='ocrx_word' id='word_1_292' title='bbox 773 3797 963 3874; x_wconf 86' lang='lat' dir='ltr'>uideamur,</span> <span class='ocrx_word' id='word_1_293' title='bbox 982 3797 1112 3862; x_wconf 90' lang='lat' dir='ltr'>ueniam</span> <span class='ocrx_word' id='word_1_294' title='bbox 1134 3821 1289 3884; x_wconf 85' lang='lat' dir='ltr'>rogemus</span> <span class='ocrx_word' id='word_1_295' title='bbox 1301 3847 1309 3876; x_wconf 92' lang='lat'>,</span> <span class='ocrx_word' id='word_1_296' title='bbox 1334 3819 1439 3882; x_wconf 88' lang='lat' dir='ltr'>neque</span> 
     </span>
    </p>
   </div>
   <div class='ocr_carea' id='block_1_22' title="bbox 278 3897 1529 4089">
    <p class='ocr_par' dir='ltr' id='par_1_23' title="bbox 278 3897 1529 4089">
     <span class='ocr_line' id='line_1_35' title="bbox 278 3897 1529 3985; baseline -0.002 -21"><span class='ocrx_word' id='word_1_297' title='bbox 278 3899 406 3964; x_wconf 88' lang='lat' dir='ltr'>libidini</span> <span class='ocrx_word' id='word_1_298' title='bbox 433 3912 562 3966; x_wconf 89' lang='lat' dir='ltr'>nostrae</span> <span class='ocrx_word' id='word_1_299' title='bbox 592 3899 646 3966; x_wconf 90' lang='lat' dir='ltr'>uel</span> <span class='ocrx_word' id='word_1_300' title='bbox 685 3898 854 3984; x_wconf 85' lang='lat' dir='ltr'>pigritiae,</span> <span class='ocrx_word' id='word_1_301' title='bbox 901 3897 959 3962; x_wconf 90' lang='lat' dir='ltr'>sed</span> <span class='ocrx_word' id='word_1_302' title='bbox 992 3899 1101 3983; x_wconf 89' lang='lat' dir='ltr'>operis</span> <span class='ocrx_word' id='word_1_303' title='bbox 1140 3899 1249 3985; x_wconf 90' lang='lat' dir='ltr'>potius</span> <span class='ocrx_word' id='word_1_304' title='bbox 1299 3897 1438 3963; x_wconf 87' lang='lat' dir='ltr'>difficul-</span> <span class='ocrx_word' id='word_1_305' title='bbox 1528 3926 1529 3961; x_wconf 69' lang='lat'>1</span> 
     </span>
     <span class='ocr_line' id='line_1_36' title="bbox 278 3998 1529 4089; baseline 0.003 -25"><span class='ocrx_word' id='word_1_306' title='bbox 278 4000 335 4064; x_wconf 87' lang='lat' dir='ltr'>tati</span> <span class='ocrx_word' id='word_1_307' title='bbox 363 4011 394 4065; x_wconf 89' lang='lat' dir='ltr'>et</span> <span class='ocrx_word' id='word_1_308' title='bbox 423 4024 463 4066; x_wconf 83' lang='lat' dir='ltr'>ex</span> <span class='ocrx_word' id='word_1_309' title='bbox 488 4012 579 4087; x_wconf 87' lang='lat' dir='ltr'>parte</span> <span class='ocrx_word' id='word_1_310' title='bbox 608 4000 745 4066; x_wconf 87' lang='lat' dir='ltr'>nouitati</span> <span class='ocrx_word' id='word_1_311' title='bbox 771 3998 933 4065; x_wconf 89' lang='lat' dir='ltr'>beneuole</span> <span class='ocrx_word' id='word_1_312' title='bbox 970 3999 1111 4066; x_wconf 86' lang='lat' dir='ltr'>adscribi</span> <span class='ocrx_word' id='word_1_313' title='bbox 1132 3999 1220 4081; x_wconf 44' lang='lat' dir='ltr'>‚haec</span> <span class='ocrx_word' id='word_1_314' title='bbox 1258 3999 1339 4065; x_wconf 90' lang='lat' dir='ltr'>uitia</span> <span class='ocrx_word' id='word_1_315' title='bbox 1363 4021 1438 4086; x_wconf 55' lang='lat' dir='ltr'>pres</span> <span class='ocrx_word' id='word_1_316' title='bbox 1528 4026 1529 4089; x_wconf 67' lang='lat' dir='ltr'>q</span> 
     </span>
    </p>
   </div>
   <div class='ocr_carea' id='block_1_23' title="bbox 277 4123 398 4166">
    <p class='ocr_par' dir='ltr' id='par_1_24' title="bbox 277 4123 398 4166">
     <span class='ocr_line' id='line_1_37' title="bbox 277 4123 398 4166; baseline -0.017 0"><span class='ocrx_word' id='word_1_317' title='bbox 277 4123 398 4166; x_wconf 70' lang='lat' dir='ltr'>(lemur.</span> 
     </span>
    </p>
   </div>
   <div class='ocr_carea' id='block_1_24' title="bbox 740 4301 939 4314">
    <p class='ocr_par' dir='ltr' id='par_1_25' title="bbox 740 4301 939 4314">
     <span class='ocr_line' id='line_1_38' title="bbox 740 4301 939 4314; baseline 0 -2"><span class='ocrx_word' id='word_1_318' title='bbox 740 4301 939 4314; x_wconf 48' lang='lat' dir='ltr'>a*</span> 
     </span>
    </p>
   </div>
   <div class='ocr_carea' id='block_1_25' title="bbox 0 0 1550 5117">
    <p class='ocr_par' dir='ltr' id='par_1_26' title="bbox 0 0 1550 5117">
     <span class='ocr_line' id='line_1_39' title="bbox 0 0 1550 5117; baseline 0 0"><span class='ocrx_word' id='word_1_319' title='bbox 0 0 1550 5117; x_wconf 95' lang='lat' dir='ltr'> </span> 
     </span>
    </p>
   </div>
  </div>
 </body>
</html>
