3067 5117
1204 400 1245 483 st

186 566 232 633 Et
260 581 340 632 nere
372 565 522 633 omnibus
556 551 608 631 iris
641 565 810 631 sententiis
842 550 1105 653 propugnatores
1142 564 1242 630 exsti-

16 737 20 746 ,
94 674 201 731 terunt.
233 666 366 732 Primae
386 667 585 753 antiquiores
604 666 797 753 interpretes
817 667 884 731 iere
902 684 1017 731 omnes
1038 662 1241 749 subscripse-

16 773 20 786 '
91 777 167 843 runt,
188 767 276 832 inter
294 788 377 852 quos
401 765 577 831 Cvrrcrvs
592 765 693 832 Obss.
704 755 763 831 1'11.
783 767 826 843 9.,
848 766 1093 831 Ρ6666666666
1113 765 1239 851 pm,

92 888 126 930 cr
142 866 380 933 recentioribus
399 869 655 934 Pronurumvs
677 891 711 953 p.
731 868 801 945 99.,=
832 868 1080 931 Honosrsrtuvs
1101 888 1134 951 p.
1156 865 1238 940 340..

90 967 250 1033 Ltusrlvs
269 968 309 1032 B.
317 969 358 1033 P.
380 970 457 1037 Vol.
468 971 509 1035 11.
531 993 564 1055 p.
574 969 655 1045 188..
675 968 802 1033 tertiam
824 968 998 1053 praecipue
1017 966 1240 1052 probauerunt

91 1068 204 1133 Fauna
223 1065 320 1133 Cori.
341 1068 418 1135 Lib.
438 1072 480 1137 V.-
503 1085 531 1135 c.
553 1074 592 1147 1.,
615 1069 818 1135 Cauvsnno
846 1068 878 1151 S.
893 1068 955 1145 26,
975 1062 1237 1135 6666666666

11 1155 12 1170 ’
90 1170 123 1233 A.
149 1194 182 1256 p
211 1170 301 1247 m,
348 1170 483 1237 alteram·
512 1171 765 1256 Govurrtvsp
794 1172 866 1239 334.
900 1179 932 1235 et
981 1178 1093 1234 nostra
1135 1178 1237 1233 aetate

90 1272 296 1338 Hvscfflnvs
324 1271 401 1340 Vol
424 1272 500 1338 VII.
521 1295 555 1357 p
576 1272 638 1339 65

184 1376 235 1450 1⁰,
257 1371 369 1439 Prima
387 1373 498 1457 itaque·
516 1372 599 1437 ratio
621 1393 756 1457 prorsus
778 1352 994 1436 refelliturL.
1012 1365 1080 1439 163.
1101 1370 1174 1455 5..2
1196 1368 1237 1434 66

89 1472 167 1589 legg.
188 1475 270 1550 111..
299 1496 383 1561 quae
413 1473 477 1538 nisi
507 1496 642 1560 prorsus
663 1466 800 1559 indigno
824 1472 922 1537 modo
945 1481 1067 1537 mutata
1085 1469 1181 1535 tuerit
1202 1478 1234 1534 et

90 1574 289 1653 circumcise,
310 1598 417 1662 usqne
442 1574 648 1662 repugnabit.
683 1574 797 1658 Itaque
823 1574 961 1639 tortasse
987 1574 1072 1639 bene
1101 1570 1234 1648 iaciunt,

89 1677 136 1759 qui
157 1677 370 1743 antinomiam
391 1687 531 1743 statuant
559 1675 642 1741 inter
668 1674 753 1739 hanc
775 1674 882 1761 legem
900 1686 931 1742 et
949 1677 990 1740 L.
1010 1677 1061 1743 35.
1082 1674 1124 1739 66
1144 1670 1234 1757 uulg.

89 1788 116 1840 et
130 1798 208 1864 pup.
232 1791 265 1843 et
283 1780 329 1844 1..
346 1781 377 1845 5.
398 1778 439 1843 66
461 1778 550 1874 legg.
573 1786 711 1864 praest,-
739 1786 775 1839 ut
797 1778 988 1862 opinionem
1008 1796 1101 1841 snam
1121 1772 1234 1839 deien-

89 1878 167 1944 dant.-
207 1878 279 1948 Sed
305 1879 462 1965 quamdis
488 1879 581 1945 aliter
605 1895 658 1945 res
686 1877 843 1963 explicari
865 1887 994 1965 potest,
1024 1874 1234 1941 antinomiam

90 1991 219 2047 statuere
242 1980 420 2068 opprobrio
442 1992 502 2047 est.

90 2140 94 2145 .
180 2085 234 2160 2⁰,
254 2082 368 2149 Tertia
393 2082 553 2149 sententia
574 2083 675 2149 nimia
696 2084 845 2150 laborare
866 2082 995 2148 uidetur
1014 2052 1235 2147 ratiocinatio-

88 2182 131 2246 nis
149 2168 292 2249 lieentia.
350 2179 467 2251 Licet
466 2185 552 2250 cuim
572 2183 658 2250 bene
679 2185 790 2251 omnia
810 2186 894 2249 inter
914 2206 949 2249 66
971 2181 1172 2269 coniungant
1193 2181 1234 2246 ii

88 2284 141 2349 iius
168 2285 378 2365 defensores,
407 2292 515 2351 tamen
545 2308 613 2351 non
641 2286 803 2372 quidem
794 2310 828 2352 m
849 2284 1051 2350 uerborum
1042 2291 1234 2370 666666666-

88 2386 166 2453 tione
197 2380 258 2453 666
294 2389 329 2452 in
367 2388 494 2453 ratione
528 2388 607 2453 iuris
640 2388 829 2474 indaganda
860 2386 1035 2453 libidinose
1074 2377 1236 2452 interdum

88 2489 185 2573 egisse
211 2511 269 2554 666
297 2490 459 2566 existimo.
520 2490 570 2556 Ita
596 2491 859 2556 vmcmovrvs
886 2490 927 2553 A.
957 2502 990 2575 p·
1011 2490 1081 2559 277.
1110 2506 1236 2553 summa

89 2606 152 2655 cun
182 2591 361 2676 sagacitate
388 2592 557 2678 exposuit,
594 2601 708 2655 contra
741 2590 949 2655 substitutum
990 2602 1029 2655 eo
1064 2610 1159 2665 casu,
1208 2587 1235 2652 si

88 2690 152 2775 ptus
181 2692 343 2777 acceperit
367 2711 475 2777 neque
506 2701 614 2757 tamen
642 2690 752 2777 legata
772 2692 933 2757 extraneis
953 2714 973 2757 6
992 2690 1119 2778 pupillo
1139 2711 1236 2777 prae·

89 2793 195 2859 666166
215 2793 345 2859 soluere
365 2793 524 2870 uoluerit,
549 2792 725 2878 legatarios
750 2793 998 2880 replicationem
1018 2792 1087 2859 doti
1107 2790 1236 2857 habitu·

89 2902 135 2956 666
157 2904 242 2959 esse.
280 2894 372 2977 Quid
394 2916 491 2981 ergo,
514 2895 543 2959 si
564 2894 674 2959 idem
696 2896 868 2982 acceperit,
890 2894 968 2981 qnid
992 2895 1020 2958 si
1041 2893 1152 2979 paullo
1174 2892 1236 2957 mi-

89 2996 164 3059 uus?
198 2994 265 3062 Vbi
288 3006 337 3061 est
356 2997 589 3064 Vsusnaovn
616 2995 674 3061 itta
702 2998 866 3083 aequiter,
895 2996 951 3082 qui
980 3005 1114 3083 propter
1138 2993 1236 3057 mini-

88 3117 166 3161 mum
187 3097 330 3183 legatum
353 3122 373 3163 a
397 3089 558 3163 coherede
593 3086 767 3164 substituto
795 3098 943 3163 relictum
964 3094 1237 3161 contributioncm

88 3196 149 3261 ficri
177 3200 298 3265 debere
330 3199 479 3285 negauit,
513 3210 705 3284 propterea,
731 3198 830 3284 ,quod
865 3198 1012 3283 iniquum
1040 3195 1145 3261 uideri
1173 3190 1236 3259 hoe

89 3301 192 3382 possit,
216 3301 272 3383 (ci.
284 3301 496 3387 suprap.56.)
520 3300 549 3364 si
564 3311 673 3365 tamen
687 3300 741 3367 uel
758 3300 905 3367 sestertio
919 3300 1088 3365 imminuta
1100 3320 1160 3384 per
1174 3296 1236 3361 bo-

89 3420 194 3465 norum
220 3403 466 3487 possessionem
493 3400 610 3487 pupilli
640 3401 819 3467 hereditate
846 3426 866 3467 a
886 3401 1061 3465 substituto
1088 3400 1158 3465 eius
1186 3396 1235 3463 lc-

90 3512 156 3584 gata
175 3526 194 3567 a
212 3504 339 3590 pupilio
356 3504 518 3569 extraneis
539 3504 652 3569 relicta
671 3504 759 3588 exigi
781 3522 881 3589 posse
901 3502 1056 3589 negauit?

181 3606 232 3683 3⁸,
253 3604 433 3672 Videamus
456 3603 583 3691 igitur,
624 3627 702 3668 num
724 3605 824 3669 altera
843 3604 948 3690 possit
969 3602 1051 3668 ratio
1077 3603 1238 3669 sustiueri.

89 3702 132 3766 Ac
156 3705 292 3788 primum
320 3704 451 3791 quidem
483 3707 600 3772 mirum
619 3708 662 3770 ‘in
693 3706 827 3771 modum
853 3704 928 3770 huic
951 3705 1129 3771 sententiae
1150 3705 1237 3771 fauet

89 3807 314 3892 praescriptum
332 3808 373 3871 L.
393 3808 445 3873 74.
468 3806 509 3872 66
526 3806 614 3893 legg.
636 3809 683 3873 L:

162 3909 282 3984 „Licet
309 3907 490 3994 Imperator
517 3922 628 3974 noster
661 3925 736 3973 cum
765 3917 858 3994 patre
884 3906 1105 3993 rescripserit,
1131 3906 1237 3971 uideri

163 4009 327 4073 uoluntate
354 4010 517 4075 testatoris
546 4010 683 4096 repetita
714 4032 734 4073 a
755 4008 949 4085 substituto,
978 4018 1061 4093 quae
1079 4008 1118 4073 ab
1142 4008 1234 4071 iusti-

166 4118 230 4173 tuto
258 4107 386 4175 inerant
405 4109 536 4189 relicta,
566 4123 673 4177 tamen
700 4109 764 4176 hoo
793 4111 838 4176 ita
858 4110 918 4175 erit
938 4109 1180 4195 accipiendum,
1209 4107 1236 4172 si

163 4230 227 4273 non
254 4196 390 4276 euidens
411 4196 507 4302 fuerit
528 4212 659 4278 diuersa
679 4212 849 4288 uoluntas,
873 4234 955 4297 quae
977 4234 1018 4276 ex
1038 4204 1146 4275 multia
1168 4210 1237 4273 col-

163 4308 305 4395 ligetur“
328 4323 401 4379 eto..

991 4408 1037 4474 6*
