3067 5117
1188 452 1246 522 181

181 601 297 678 enim,
342 624 423 666 non
453 603 516 670 .de
559 603 694 671 alieno
740 603 832 669 iure
872 621 1083 687 quemque
1121 627 1247 691 agere

178 714 354 790 oportet.
396 706 603 791 Quamquam
616 705 701 772 enim
724 701 807 769 actio
824 704 977 789 negatiua
1000 704 1134 770 domino
1156 729 1247 772 com-

177 816 261 890 petat
292 805 448 870 aduersus
490 806 716 881 fructuarium,
759 804 895 889 magis
929 814 1064 868 tamen
1094 804 1142 870 de
1174 829 1247 871 suo

175 904 260 970 iure
303 929 433 992 agere
475 905 722 996 uide[a]tur
763 927 882 990 quam
923 905 1091 982 alieno,
1130 929 1249 990 quum

175 1004 313 1069 inuito
350 1029 389 1071 se
424 1019 554 1094 negat
584 1009 646 1071 ius
677 1004 1055 1090 esseprohibendi.
1098 1005 1250 1088 Quodsi

175 1105 271 1181 forte,
305 1106 360 1190 qui
381 1108 464 1193 agit,
500 1107 651 1174 dominus
674 1104 881 1193 proprietatis
911 1128 977 1170 non
1007 1105 1064 1183 sit,
1100 1109 1248 1192 quamuis

175 1206 365 1272 fructuarius
388 1208 438 1273 ius
463 1207 574 1274 utendi
596 1208 799 1284 nonhabet,
821 1207 930 1271 uincet
952 1215 1059 1272 tamen
1080 1208 1160 1286 inre,
1183 1233 1248 1294 quo

25 1391 26 1400 ἵ
175 1329 381 1392 possessores
405 1321 480 1375 sunt
500 1310 655 1396 potiores,
676 1309 753 1374 licet
774 1309 899 1373 nullum
920 1308 970 1372 ius
993 1307 1167 1373 habeant.“

25 1429 27 1502 r
108 1407 351 1474 Hvruunnmvs
387 1412 472 1475 enirn
494 1411 663 1496 egregium
679 1409 814 1475 rationis
836 1432 930 1485 suae,
961 1409 1141 1474 dominium
1161 1411 1250 1477 scili-

26 1561 27 1564 ,
111 1521 154 1573 cet
170 1510 202 1574 in
223 1510 349 1575 actione
370 1510 539 1597 negatoria
560 1512 766 1598 probandum
786 1534 877 1588 esse,
906 1523 941 1574 ut
970 1509 1175 1577 aduersarius
1196 1514 1250 1578 uel

25 1647 26 1652 κ
110 1623 317 1688 remoueatur,
339 1613 393 1677 uel
416 1613 457 1676 ad
479 1615 642 1678 seruitutis
664 1612 892 1700 probationem
914 1610 1079 1696 adigatur,
1112 1612 1146 1675 in
1174 1613 1249 1678 ulti-

110 1711 161 1775 mis
177 1711 345 1797 iragmenti
365 1713 460 1778 huius
493 1714 600 1778 uerbis
624 1713 778 1778 auxilium
801 1712 966 1778 inuenisse
987 1711 1049 1775 sibi
1069 1712 1251 1792 uidebatur,

112 1831 288 1898 argumento
312 1835 330 1878 e
355 1803 517 1880 contrario
538 1814 619 1880 haec
641 1813 805 1878 efficiens:

26 1922 32 2001 s
202 1915 262 1992 „Si
283 1916 376 1992 forte,
399 1907 454 2001 qui
477 1917 554 2002 agit,
578 1915 728 1979 dominus
749 1914 956 2000 proprietatis
977 1936 1045 1977 non
1067 1914 1116 1991 sit,
1138 1937 1251 2000 quam-

25 2027 28 2099 i
111 2015 153 2078 nis
171 2017 359 2082 fructuarius
383 2017 432 2081 ius
454 2015 566 2081 utendi
587 2015 788 2092 nonhabet,
815 2014 926 2079 uincet
945 2026 1053 2080 tamen
1074 2015 1162 2092 iure,
1185 2041 1249 2102 quo

111 2139 306 2202 possessores
329 2129 403 2182 sunt
425 2117 585 2204 potiores,
609 2116 685 2182 licet
707 2116 832 2180 nullum
851 2115 901 2181 ius
923 2115 1080 2193 habeant,
1104 2138 1201 2204 ergo,
1224 2118 1252 2182 si

111 2217 197 2296 forte,
219 2219 274 2305 qui
297 2219 384 2304 agit,
409 2219 559 2284 dominus
583 2219 623 2282 sit
644 2217 875 2304 proprietatis,
897 2217 1006 2282 uincet
1026 2217 1161 2282 meliore
1181 2218 1251 2284 iure

26 2322 28 2386 fi
112 2318 251 2398 dominii,
283 2321 347 2385 nisi
368 2322 563 2386 contrarium
584 2319 700 2406 probet
721 2318 961 2383 aduersarius.“
1021 2317 1072 2384 Of.
1093 2321 1252 2389 Essuuvs

26 2563 27 2566 =
204 2519 329 2588 Contra
355 2525 625 2590 Hvrnmumvro
660 2523 817 2609 imprimis
852 2521 972 2587 exstitit
1000 2524 1181 2593 Wussavs
1211 2527 1252 2593 de

114 2621 280 2689 actionibus
308 2645 341 2710 p.
368 2627 459 2704 l3l.,
489 2628 545 2712 qui
576 2627 653 2699 satis
682 2624 875 2712 ingeniose,
902 2623 972 2689 ¹nisi
1002 2625 1073 2710 quis
1101 2627 1252 2694 dominus

114 2723 161 2800 sit,
192 2725 244 2790 uel
274 2736 360 2791 certe
388 2727 567 2794 dominium
594 2726 670 2792 satis
697 2726 866 2812 probabile
895 2725 1032 2791 reddere
1059 2730 1174 2813 possit,
1198 2731 1252 2811 (ci.

113 2824 184 2890 inira
207 2827 260 2912 §§.
287 2827 430 2911 16.17.),
455 2852 528 2894 eum
550 2835 682 2895 omnino
712 2827 762 2892 ius
784 2827 864 2892 illud
888 2825 1084 2911 prohibendi
1105 2848 1173 2894 non
1193 2830 1252 2896 ha·

113 2924 179 2990 bere
199 2939 229 2992 et
246 2927 364 2994 iccirco
387 2952 503 2994 caussa
524 2931 657 3006 cadere,
687 2928 879 3016 disputauit:
911 2927 995 2991 hanc
1016 2951 1095 2992 uero
1118 2928 1253 2995 dominii

112 3027 325 3110 probationem
354 3053 422 3094 non
455 3053 612 3097 summam
639 3055 732 3108 csse,
764 3029 822 3095 sed
849 3027 957 3115 potius
986 3027 1253 3114 legitimationem

114 3128 241 3194 adrem.

203 3231 325 3317 Negari
360 3244 447 3298 certe
474 3257 541 3298 non
569 3245 693 3320 potest,
725 3235 936 3310 WEBERVM,
974 3232 1029 3318 qui
1055 3231 1096 3297 de
1127 3234 1254 3300 actione

113 3329 313 3413 prohibitoria
351 3333 432 3397 nihil
466 3334 609 3411 sciebat,
649 3345 735 3400 recte
767 3336 812 3400 ita
845 3344 958 3398 contra
984 3335 1254 3404 HvluLAvaM

113 3435 243 3516 potuisse
268 3434 362 3500 eniti:
384 3434 492 3519 itaque
515 3447 547 3500 et
560 3436 794 3522 posterioribus
812 3446 861 3501 est
881 3434 1145 3513 condonandum,
1168 3439 1256 3523 quod

113 3531 186 3599 hanc
213 3536 403 3622 plerumque
434 3535 542 3622 legem
568 3538 601 3602 in
632 3559 707 3604 suas
742 3548 851 3624 partes
884 3538 1044 3622 grauioris
1074 3541 1256 3624 argumenti

113 3633 178 3700 loco
199 3661 265 3704 nou
288 3637 490 3704 adduxerint.

206 3739 274 3804 Nos
303 3749 410 3804 autem
438 3739 700 3825 insequentibus
722 3739 901 3806 rectissime
930 3740 1113 3806 uidebimus
1134 3741 1257 3806 Hvrc-

113 3854 264 3906 Laufflvn
289 3841 452 3906 statuisse:
481 3864 597 3906 reuera
626 3843 711 3906 enim
730 3864 846 3907 sensus
868 3840 954 3906 illius
976 3842 1058 3928 legis
1080 3841 1162 3906 alius
1184 3866 1257 3908 esse

116 3942 233 4026 nequit,
256 3943 446 4029 praesertim
469 3943 602 4028 propter
626 3942 728 4008 uerba
755 3942 981 4008 antecedentia
1006 3943 1133 4028 „magis
1151 3953 1257 4008 tamen

115 4039 237 4108 desua
262 4042 353 4108 iure
376 4064 473 4127 agere
494 4043 639 4120 uidetur,
662 4066 758 4128 quam
779 4043 905 4119 aliene,
928 4067 1028 4128 quum
1049 4044 1193 4109 inuito
1216 4068 1258 4111 se

114 4153 203 4226 negat
234 4143 284 4208 ius
318 4165 390 4208 esse
422 4143 534 4208 utendi
557 4143 746 4220 fructuari0,
790 4144 843 4209 uel
875 4143 938 4208 sibi
974 4144 1024 4208 ius
1051 4166 1123 4210 esse
1144 4144 1257 4230 prohi-

115 4237 225 4305 bendi“
248 4244 385 4328 (scilictz
407 4245 489 4326 ait),
513 4245 629 4331 quibus
654 4244 835 4310 luculenter
856 4269 1049 4331 expressum
1072 4267 1145 4311 esse
1164 4244 1257 4310 uide-

115 4349 173 4418 tur,
193 4367 309 4411 suum
332 4345 401 4421 ius,
431 4369 498 4412 non
530 4344 708 4412 aduersarii
737 4345 947 4411 iniuriam
973 4345 1115 4433 probare
1136 4346 1257 4413 debere
