3067 5117
21 363 30 396 Ρ

21 535 22 558 ³
102 544 238 647 exceptis
262 554 386 611 tantum
408 547 558 633 personis
579 556 744 634 praestare
765 548 902 615 debere:
924 548 983 615 sed
1003 548 1079 614 lruic
1099 546 1248 677 opinioni

1202 396 1244 463 87

101 640 230 712 occurrit
249 646 490 713 iureconsultus
511 648 642 714 dicens:

170 764 254 842 „Sin
275 788 355 832 uero
379 790 400 833 a
420 765 591 832 substituto
611 765 724 832 relicta
744 775 829 831 sunt‘
833 774 936 833 ‘etc..

35 876 39 883 ’
97 883 140 947 Ac
159 882 279 950 deinde
301 908 453 972 supremo
472 885 567 963 loco,
599 884 688 971 quod
716 886 892 973 praecipue
907 885 1115 972 intenderat,
1146 885 1246 965 addit,

21 1019 22 1038 ι
97 1006 156 1047 non
188 982 276 1051 ultra
309 986 473 1064 semissis,
510 1009 607 1072 quem
640 986 783 1072 accepit,
819 986 1011 1055 dodrantem
1041 987 1247 1055 substitutum

99 1095 223 1169 propter
244 1082 355 1173 legata
374 1086 439 1173 ipsi
460 1086 612 1173 imposita
634 1088 748 1152 teneri.

188 1203 234 1267 Ει
255 1202 339 1271 haec
356 1206 576 1292 interpretatio
608 1228 649 1273 eo
682 1205 735 1272 uel
758 1205 898 1295 maxime
934 1206 1122 1288 adiuuatur,
1157 1210 1247 1297 quod

98 1304 124 1385 S·
146 1306 183 1381 l.,
224 1328 325 1390 quam
357 1306 535 1373 arctissime
569 1330 643 1373 cum
663 1307 825 1394 principio
847 1307 942 1373 huius
964 1308 1047 1395 legis
1072 1310 1246 1379 cohaerere

97 1404 187 1473 uerba
207 1407 358 1473 incuntis
378 1408 502 1489 „Quod
523 1408 574 1473 si“
594 1408 759 1486 indicant,
784 1408 825 1475 de
846 1408 925 1474 solis
947 1410 1063 1495 legatis
1086 1436 1106 1477 a
1126 1411 1245 1479 substi-

97 1517 156 1571 tuto
175 1507 300 1577 relictis
323 1508 460 1587 dicitur,
483 1509 642 1597 neglectis
663 1533 799 1597 prorsus
821 1510 882 1588 iis,
914 1532 997 1603 quae
1017 1510 1100 1578 lorte
1118 1514 1245 1601 pupillo

97 1618 178 1673 erant
196 1610 363 1697 imposita.

187 1730 244 1797 Ad
281 1731 410 1798 tertium
444 1731 554 1817 itaque
574 1732 686 1798 locum
704 1731 770 1797 buc
789 1730 1005 1817 pertinentem
1025 1734 1246 1818 peruenimus,

97 1850 183 1912 quem
202 1830 316 1916 ipsum
336 1833 479 1900 maxime
497 1832 561 1898 uiri
592 1831 681 1899 docti
701 1843 921 1911 uexauerunt,
958 1834 1000 1899 L.
1021 1836 1071 1903 35.
1093 1835 1134 1903 de
1155 1837 1245 1925 uulg.

97 1939 124 1993 et
140 1953 240 2019 pupz

167 2052 266 2129 „Etsi
297 2063 412 2118 contra
445 2052 571 2119 tabulas
597 2052 697 2140 patris
718 2053 819 2139 petita
840 2054 880 2117 sit
901 2076 921 2119 a
940 2052 1066 2139 pupillo
1084 2052 1246 2123 bonorum

171 2154 361 2242 possessio,
394 2152 430 2217 in
463 2153 670 2219 substitutum
702 2164 811 2220 tamen
847 2154 916 2221 eius
951 2154 1112 2221 actionem
1147 2158 1247 2245 legati

75 2288 79 2293 ·
166 2255 312 2322 dandam
344 2276 435 2333 csse,
465 2255 511 2321 ita
536 2268 573 2321 ut
596 2267 777 2344 augeantur
807 2256 916 2343 legata
947 2267 1122 2342 propterea
1157 2261 1246 2345 quod
1368 2322 1372 2335 ,

167 2356 257 2422 lilius
278 2356 442 2423 extraneis
460 2379 529 2422 non
550 2356 708 2422 debuerit.
742 2356 801 2425 Sic
819 2368 852 2423 et
871 2378 1017 2423 erescere
1038 2382 1058 2423 a
1072 2360 1246 2427 substituto

167 2457 245 2524 data
267 2456 388 2545 legata,
410 2460 439 2524 si
458 2479 520 2545 per
540 2457 703 2523 bonorum
723 2458 969 2545 possessionem
989 2457 1063 2544 plus
1086 2460 1127 2527 ad
1143 2462 1246 2529 filium

166 2560 390 2645 peruenisset,
424 2558 709 2644 quemadmodum·
729 2571 762 2625 et
788 2561 859 2648 ipse
886 2560 971 2625 tilius
1000 2560 1074 2651 plus
1101 2563 1246 2649 exceptis

21 2731 22 2738 χ
86 2676 89 2680 ’
168 2660 315 2727 deberet.
351 2660 430 2725 His
461 2680 667 2745 consequens
689 2683 761 2727 esse
783 2661 952 2739 existimo,
984 2674 1020 2728 ut
1049 2664 1077 2727 si
1097 2662 1246 2750 impubes

168 2786 210 2830 cx
229 2783 304 2827 asse
324 2759 420 2827 heres
442 2762 582 2848 scriptus
603 2762 663 2838 sit,
685 2774 717 2827 et
737 2785 798 2849 per
817 2763 980 2829 bonorum
1001 2764 1246 2850 possessionem

167 2864 266 2931 semis
288 2862 318 2927 ei
339 2860 466 2928 ablatus
488 2862 548 2941 sit,
578 2861 768 2927 substitutus
790 2864 825 2927 in
846 2876 971 2950 partem
992 2864 1092 2951 legati
1113 2865 1247 2931 nomine

168 2973 375 3039 exoneretur,
395 2973 432 3027 ut
451 2962 727 3049 quemadmodum
746 2965 874 3050 portio,
896 2988 979 3051 quae
1000 2988 1061 3052 per
1084 2965 1247 3031 bonorum

167 3065 415 3157 possessionem
435 3066 625 3143 accesserit,
653 3077 752 3151 auget
772 3064 898 3151 legata,
921 3067 967 3133 ita
987 3079 1019 3135 et
1039 3066 1137 3145 haec,
1163 3088 1246 3151 quae

167 3168 380 3245 abscesserit,
401 3167 559 3233 minust.“

191 3290 290 3354 Hauc
314 3286 439 3371 legem,
468 3284 525 3371 qui
547 3285 711 3351 diuersam
742 3295 893 3352 anostra
920 3286 1113 3352 sententiam
1133 3286 1247 3353 delen-

21 3365 22 3414 l
98 3390 169 3455 dunt
196 3388 250 3456 uel
269 3387 404 3454 omnino
424 3408 493 3453 non
514 3388 694 3474 explicant,
729 3387 783 3453 uel
805 3388 866 3464 ita,
895 3397 931 3452 ιιι
950 3386 1043 3453 initio
1066 3387 1153 3455 hunc
1174 3389 1248 3475 qui-

99 3491 166 3557 dem
185 3512 298 3557 casum
319 3488 448 3554 tractari
467 3488 670 3565 existiment,
692 3511 791 3574 quum
813 3490 866 3555 uel
888 3488 995 3555 minus
1017 3489 1134 3577 pupilli
1153 3490 1248 3556 here-

99 3592 189 3659 ditate
220 3591 276 3657 uel
306 3600 394 3656 certe
421 3611 489 3655 non
517 3590 592 3676 plus
626 3591 669 3655 ad
698 3589 904 3656 substitutum
936 3589 1042 3656 edicto
1073 3592 1247 3657 commisso

98 3693 284 3780 peruenerit.
347 3692 496 3776 Quodsi
517 3690 659 3769 accidat,
691 3692 755 3759 hoc
776 3692 876 3757 modo
898 3690 1007 3777 legata
1035 3690 1247 3759 asubstitutc

98 3796 204 3863 relicta
233 3794 348 3883 augeri
374 3790 592 3870 contendunt,
626 3794 716 3879 quod
745 3792 855 3879 legata
884 3792 1045 3859 castaneis
1076 3816 1102 3878 a·
1120 3792 1248 3880 pupillo
1347 3809 1350 3821 ’
1416 3868 1421 3875 ,

21 3953 22 3956 ,
99 3897 205 3965 relicta
234 3897 277 3963 ad
300 3894 426 3962 irritum
450 3894 597 3961 recidant
619 3916 797 3980 eorumque
820 3892 999 3959 substantia
1020 3892 1135 3973 ceteris
1155 3892 1246 3960 lucro

21 3981 22 4064 ζ
101 4008 308 4065 concertatur.
370 3995 503 4061 Deinde
533 3995 648 4083 augeri
687 4020 726 4062 sa
760 4018 860 4083 posse
887 3995 1103 4059 Aamoasvn
1137 3994 1249 4061 dicunt

21 4103 22 4150 ἱ
101 4098 264 4177 docuisse,
282 4098 311 4163 si
330 4096 413 4163 lorte
432 4096 508 4182 plus
532 4097 694 4184 acceperit
713 4097 876 4163 bonorum
897 4095 1107 4182 possessione
1129 4097 1248 4163 substi-

101 4209 197 4279 tutus,
231 4220 328 4286 quam
355 4197 390 4263 in
419 4198 509 4283 quod
535 4199 680 4286 pupillus
712 4208 782 4265 erat
811 4198 991 4263 institutus:
1030 4198 1189 4284 denique,
1220 4199 1248 4263 si

102 4298 263 4368 imminuta
285 4299 383 4367 luerit
402 4298 566 4366 hereditas
587 4298 721 4387 pupilli,
743 4308 981 4385 consequenter
1003 4297 1165 4383 prioribus
1186 4298 1249 4363 mi-
