3067 5117
1208 432 1270 508 tut

106 591 324 671 instituimus,
353 590 549 678 disquisitio.
607 590 690 658 Nam
713 613 813 678 quum
835 588 982 676 quisquis
1006 588 1057 655 de
1080 611 1153 654 suo
1178 589 1268 654 iure

104 693 225 758 debeat
246 718 362 780 agere,
385 695 566 780 quaeritur,
591 694 631 759 dc
654 717 795 779 quonam
816 717 876 759 suo
897 695 966 758 iure
985 691 1120 778 agatis,
1144 691 1265 776 quiite

102 796 260 860 intendit:

254 915 457 963 suranae
482 915 570 961 .1vs
595 913 989 964 ‚r1131.rt0rt.1=:ssu.

101 997 173 1062 siue
196 1000 383 1064 seruitutem
406 1000 468 1063 sibi
491 1021 641 1064 asserens
668 999 737 1063 siue
759 998 904 1063 dominio
926 999 1022 1062 nixus
1045 994 1158 1081 egerit.

207 1101 319 1165 Primo
342 1100 428 1164 enim
451 1123 528 1164 casu
552 1100 579 1164 si
599 1101 804 1186 probauero,
841 1100 931 1164 Titio
966 1098 1060 1163 altius
1089 1096 1262 1162 aedificare

100 1221 171 1262 non
200 1199 320 1276 licere,
354 1200 432 1284 quia
466 1201 662 1288 Sempronio
699 1201 816 1266 debeat
850 1199 1055 1277 seruitutem,
1089 1197 1261 1262 intentioni

100 1299 233 1383 quidem
268 1323 359 1364 meac
397 1302 601 1378 satisfecero,
634 1323 741 1386 neque
776 1315 883 1367 tamon
909 1300 1017 1363 Titius
1049 1298 1261 1363 condemnari

99 1400 235 1484 poterit,
271 1402 346 1484 quia
366 1427 439 1468 mea
459 1426 525 1467 non
548 1403 699 1478 interest,
731 1413 838 1466 utrum
861 1402 1001 1466 seruitus
1032 1400 1094 1465 ista
1128 1400 1261 1465 exsistat

99 1523 162 1564 neo
185 1524 237 1565 ne.
278 1503 359 1566 Item
385 1504 413 1566 si
434 1503 535 1567 altero
560 1525 638 1568 casu
661 1502 857 1588 probaucro,
881 1504 1004 1567 Titium
1026 1501 1088 1566 sibi
1105 1521 1259 1585 arrogare

99 1601 287 1666 seruitutem
318 1625 384 1667 non
408 1604 549 1668 debitam
573 1616 687 1670 contra
709 1601 846 1669 fundum
868 1604 1056 1690 Sempronii
1078 1603 1192 1667 eadem
1215 1601 1257 1664 dc

98 1725 232 1778 caussa,
269 1705 358 1788 quod
392 1729 465 1770 mea
496 1729 562 1769 non
601 1705 745 1783 interest,
779 1705 860 1769 nihil
897 1727 1008 1790 egero.
1050 1703 1140 1786 Quin
1172 1701 1255 1766 adeo

97 1816 237 1887 utroque
258 1827 335 1868 casu
356 1805 489 1870 omnino
511 1829 552 1872 ne
580 1807 752 1872 formulam
780 1807 910 1892 quidem
930 1805 1009 1870 mihi
1030 1804 1194 1891 proditum
1217 1802 1257 1867 iri

96 1905 302 1969 manifestum
325 1919 383 1972 cst.

200 2007 379 2074 Videamus
409 2010 525 2097 igitur,
560 2011 714 2096 quidnam
733 2008 875 2074 efficiant
891 2007 992 2072 uerba
1011 2007 1133 2073 inserta
1157 2007 1253 2086 „in-

95 2107 185 2172 uito
209 2118 306 2173 me.“
348 2113 397 2177 Ac
416 2136 493 2178 uere
511 2113 538 2176 si
561 2113 632 2197 quis
655 2110 824 2198 negatoria
849 2108 893 2175 ita
911 2109 1072 2175 intendat:

248 2228 468 2278 suranae.
492 2233 549 2279 [vs
573 2231 809 2279 .NON.asstr
832 2228 1122 2278 .11tv1T0.ttu.

97 2309 191 2374 aliter
210 2309 289 2376 haec
313 2313 449 2378 intentio
471 2317 527 2380 uix
549 2325 655 2402 potest
673 2313 830 2400 intelligi,
857 2311 921 2376 nisi
941 2313 1005 2378 ita:

201 2412 282 2490 Ille,
315 2415 343 2478 si
374 2416 424 2480 ius
446 2415 566 2482 habere
587 2441 654 2482 non
677 2427 801 2502 potest,
839 2414 923 2479 nisi
956 2416 1253 2482 consentiente

94 2535 156 2577 mc
187 2514 264 2596 (hoc
292 2527 357 2593 cst,
384 2539 465 2582 non
491 2518 626 2582 inuito
656 2520 756 2602 me),
785 2516 969 2602 quaeritur,
1014 2518 1180 2602 quodnam
1200 2519 1250 2584 ius

94 2616 168 2700 ipse
192 2637 255 2700 ego
283 2616 430 2682 habeam.
481 2621 594 2684 Meum
625 2631 731 2684 autem
762 2618 813 2682 ius
848 2628 896 2683 est
929 2617 1126 2696 dominium,
1162 2621 1252 2705 quod
1278 2656 1282 2664 ·

94 2715 216 2781 habero
238 2739 307 2794 me,
330 2719 469 2803 probare
491 2733 615 2786 teneor.

198 2817 344 2882 Alterum
379 2833 445 2899 est,
483 2824 571 2908 quod
592 2845 706 2888 reuera
726 2822 830 2886 inuito
851 2842 903 2885 me
925 2819 975 2884 ius
996 2823 1157 2898 exerceri,
1190 2847 1249 2910 pa·

95 2930 169 2997 teat,
193 2941 275 3004 opus
297 2934 359 2996 cst,
382 2934 413 2985 et
433 2923 496 2989 hoc
518 2946 584 2988 non
607 2935 682 3010 eget
702 2922 910 3008 probatione,
949 2943 1048 3005 quum
1081 2923 1250 2989 affirmatio

94 3021 176 3098 sola,
198 3021 261 3086 hoo
285 3021 327 3086 ita
350 3045 433 3100 csse,
458 3024 605 3101 sufficiat,
627 3045 733 3108 neque
757 3024 853 3088 etiam
867 3022 1041 3108 separatim
1060 3022 1132 3088 fieri
1154 3025 1252 3091 debet

92 3121 174 3186 haec
196 3123 382 3201 affirmatio,
412 3125 488 3209 quia
518 3149 557 3192 eo
586 3127 677 3212 ipso,
706 3124 795 3210 quod
817 3126 888 3210 quis
909 3125 991 3210 agit,
1014 3124 1093 3188 satie
1114 3124 1251 3190 demon·

94 3233 222 3287 stratur.

198 3327 242 3389 At
263 3349 340 3390 uero
364 3328 498 3419 forsitan
521 3329 592 3412 quis
615 3327 788 3404 obiecerit,
811 3325 936 3392 etiamsi
957 3325 1058 3392 uerba
1083 3325 1250 3403 „inuito

93 3435 182 3490 me“
218 3425 327 3491 addita
359 3429 440 3506 sint,
477 3431 687 3495 nihilominus
710 3443 818 3494 tamen
841 3427 1021 3492 libertatem
1052 3428 1098 3493 rei
1130 3429 1250 3494 debere

92 3527 244 3612 probari,
266 3553 365 3613 quum
383 3531 416 3593 in
440 3529 520 3595 duas
542 3531 600 3596 has
622 3542 729 3615 partes
752 3529 897 3595 discedat
919 3529 1084 3616 probatio:

246 3631 294 3706 1⁰,
316 3631 366 3694 ius
390 3652 455 3695 non
478 3653 548 3696 esso
572 3633 673 3696 inuito
696 3654 759 3708 me,

243 3731 292 3806 2⁰,
317 3732 449 3796 omnino
472 3733 522 3796 ius
546 3755 613 3797 non
635 3755 719 3810 esse,

92 3850 230 3914 quarum
252 3831 351 3898 altera
370 3833 517 3899 libertate
539 3835 586 3900 rei
609 3835 738 3900 nitatur.
792 3835 835 3898 Et
870 3833 950 3899 hacc
986 3832 1145 3910 obiectio,
1177 3835 1253 3900 licet

92 3943 168 4016 post
189 3932 372 3998 Srnnnsr
394 3933 433 3999 de
457 3934 566 3999 uerbis
606 3935 778 4012 „inuito
799 3943 888 4000 mc“
924 3935 1163 4020 expositionem
1183 3938 1255 4002 fieri

92 4031 149 4094 uix
172 4033 293 4116 possit,
315 4034 524 4100 nihilominus
547 4058 585 4100 eo
610 4035 776 4122 perducit,
806 4046 841 4098 ut
864 4034 1015 4120 neglecto
1037 4057 1172 4120 prorsus
1193 4037 1254 4104 hac

92 4131 210 4197 scholii
230 4146 361 4200 nostrae
383 4149 474 4222 parte
489 4136 530 4202 ad
552 4137 641 4222 ipsas
664 4135 835 4200 redeamus
857 4135 1023 4212 formulas,
1046 4137 1159 4220 quales
1180 4140 1211 4223 q
1224 4142 1254 4208 u.

92 4235 331 4322 expressimus,
354 4237 441 4302 unde
463 4237 691 4323 grauissimum
712 4236 877 4321 quoddam
899 4248 997 4322 patet.

196 4337 240 4402 Et
259 4337 443 4432 possessori
465 4349 497 4404 et
514 4361 580 4405 non
600 4339 786 4427 possessori
807 4349 992 4426 competere
1009 4337 1154 4406 actiones
1173 4360 1255 4406 cou-

1065 4441 1103 4507 13
