3067 5117
1233 403 1277 481 u

219 550 442 624 Punmruuvs
464 567 570 623 autem
594 554 691 623 talem
712 555 855 644 speeiem
882 556 917 624 in
938 568 1047 623 mente
1066 557 1196 625 uidetur
1213 558 1274 625 ha-

112 656 237 734 buison,
260 658 288 722 si
309 670 401 745 pater
417 659 584 744 reliquerit
594 658 740 737 CCCC„
763 660 887 727 Titium
906 661 1057 727 etlilium
1077 685 1119 727 ex
1139 661 1274 727 semisse

112 754 300 837 instituerit,
323 760 446 826 Titium
466 760 535 826 filio
558 762 768 840 substituerit,
794 786 815 829 a
833 763 959 851 pupillo
979 762 1139 849 tegauerit
1158 759 1273 839 CCC„

11 868 12 883 ³
113 861 244 926 aTitio
265 862 328 941 L.‚
359 860 511 928 secundis
539 862 656 929 tabulis
677 863 739 940 L.‚
765 886 831 949 quo
859 886 937 929 canu
957 864 1180 949 quaestionem
1200 886 1274 928 mo-

112 962 159 1043 uit
192 962 449 1047 iurepoppultuo,
487 974 594 1047 utrum
621 965 696 1052 plus
719 964 759 1044 C.
781 964 918 1050 petineat
937 964 1055 1051 Titios,
1076 988 1119 1039 au
1142 962 1183 1047 C,
1201 974 1273 1035 ten·

113 1074 182 1129 tum
203 1064 267 1142 eibi
289 1065 410 1143 hebere
431 1066 546 1153 poenit.

216 1166 262 1231 Et
288 1166 350 1233 hae
379 1167 511 1253 quidem
541 1167 807 1253 interpretatione
835 1169 934 1247 laeta,
970 1169 1138 1247 uidemus,
1168 1167 1274 1254 ipsam

112 1264 197 1341 hane
214 1265 341 1357 legem,
362 1291 459 1357 qnam
477 1270 732 1351 Pnoununnuvs,
755 1281 787 1355 et
808 1272 1022 1353 Hvsoulttvs
1043 1271 1078 1351 in
1100 1292 1177 1345 suan
1194 1292 1271 1355 par-

114 1378 161 1433 tes
184 1368 356 1439 redhibere
378 1369 552 1448 uoluerunt
564 1419 573 1450 ‚
594 1394 710 1439 reuera
731 1373 864 1461 egregie
886 1373 925 1439 iis
948 1370 1094 1459 obloqui·¹

220 1470 389 1551 Summam
409 1472 506 1559 igitur
529 1472 773 1560 disceptationis
796 1486 926 1542 nostrae
949 1474 1034 1553 haue
1059 1472 1273 1542 exhibemusz

156 1572 212 1647 1⁰,
235 1572 281 1648 si
308 1572 482 1649 coheres
509 1573 683 1663 pupillo
712 1576 973 1645 substitutus
999 1573 1129 1648 fuerit
1158 1582 1198 1639 et
1228 1571 1273 1642 ab

193 1683 380 1759 utroque
418 1674 601 1760 legatum
643 1676 721 1757 sit,
773 1677 1013 1766 legatorum
1055 1674 1168 1741 ratio
1212 1686 1274 1750 est

195 1775 456 1861 separanda,
486 1777 531 1843 ita
557 1787 610 1843 ut:

155 1878 425 1963 a.]portione
481 1877 638 1967 pupilli
697 1878 811 1954 ultra
867 1879 1112 1958 dodrantem
1171 1898 1273 1941 one-

193 1989 287 2043 rata
320 1980 369 2045 ad
405 1978 631 2046 substituti
664 1982 905 2069 portionem
933 1978 1113 2056 liberam
1148 1999 1273 2043 aoce-

194 2079 318 2146 dente
362 2081 629 2147 substitutus
666 2083 892 2170 separatim
920 2106 969 2149 ex
1003 2104 1054 2149 ea
1087 2090 1274 2167 quartam

194 2181 399 2261 deduean
1313 2254 1318 2260 .

157 2284 251 2369 b.)e
295 2285 538 2365 contrario,
591 2284 627 2352 ni
666 2284 890 2365 coheredis
924 2286 1067 2373 portio
1102 2284 1160 2349 sit
1202 2307 1274 2350 ex-

196 2383 362 2465 hausta,
403 2410 472 2464 eo,
522 2388 644 2473 quod
677 2412 697 2453 a
724 2388 893 2475 pupillo
922 2387 1032 2467 ultra
1060 2386 1274 2473 quadpan-

195 2497 278 2556 tem
317 2488 531 2574 portionis
563 2489 653 2555 eius
675 2488 940 2555 substitutus
967 2487 1179 2574 lueretur,
1205 2486 1274 2553 le-

195 2600 293 2677 gata
313 2588 477 2677 abipso
503 2588 660 2668 relicta
685 2599 932 2677 augeantur.

157 2694 215 2769 2⁰,
236 2692 420 2779 Vtraque
445 2692 652 2781 portione
679 2702 853 2761 onerata
870 2692 987 2761 ultra
1007 2691 1274 2774 dodrantem,

196 2792 423 2862 uidendum
453 2804 533 2872 eet,
570 2805 660 2863 utra
689 2796 746 2862 sit
767 2796 899 2882 magis
921 2805 1115 2882 grauata,
1144 2803 1182 2861 et
1209 2790 1275 2857 ei-

197 2893 370 2981 quidem
419 2895 600 2983 pupilli,
652 2918 714 2967 res
759 2920 804 2963 se
846 2896 971 2964 habet
1007 2907 1053 2963 ut
1091 2896 1133 2961 in
1177 2914 1275 2960 eaeu

198 3018 316 3083 quem
340 2995 413 3063 sub
436 2998 477 3081 a]
499 2998 739 3079 citauimus,
767 2998 835 3065 ein
864 3008 995 3064 autem
1021 2994 1273 3071 coheredis,

196 3097 515 3166 contributioni
543 3098 669 3168 loeus
699 3109 785 3180 eet,
815 3099 1015 3185 quiahoc
1045 3120 1144 3172 casu
1172 3118 1273 3162 eon-

195 3196 435 3265 tributione
471 3200 581 3269 faeta
616 3201 760 3288 legata
792 3226 813 3268 a
845 3200 1091 3269 substituto
1120 3197 1276 3265 relicta

197 3312 416 3387 augentur.

159 3403 215 3481 3⁰,
237 3402 285 3470 Si
305 3402 508 3469 secundis
537 3403 693 3487 tabulis
722 3404 875 3472 relicta
892 3404 979 3475 sint
1000 3404 1159 3493 legata,
1181 3400 1274 3490 pri-

197 3527 297 3569 mum
317 3504 617 3573 confundenda
639 3518 734 3588 sunt
753 3506 829 3573 illa
854 3530 947 3573 eum
975 3505 1131 3593 legatis
1152 3529 1173 3571 a
1192 3527 1274 3591 pu-

198 3604 307 3691 pillo
330 3604 504 3676 relictis
533 3617 571 3672 et
592 3607 684 3678 eius
706 3632 726 3675 a
753 3608 960 3696 portione
989 3615 1140 3695 quarta
1163 3606 1274 3671 reti-

199 3706 356 3785 nenda,
386 3706 543 3774 deinde
563 3731 707 3779 rursus
738 3708 1118 3787 oonfundendum,
1144 3709 1275 3794 quie·

200 3808 456 3893 quideorurn¹
477 3811 665 3877 nondum
695 3811 876 3890 solutum
912 3810 982 3891 eit,
1025 3833 1113 3891 ourp
1149 3810 1276 3897 lega·

201 3910 255 3975 tis
285 3934 305 3975 a
340 3910 572 3988 substituto
610 3910 758 4000 primis
796 3911 961 3988 tabulis
999 3910 1198 3992 relictis,
1238 3922 1277 3977 et

204 4035 362 4093 rursus,
383 4014 418 4081 ei
441 4036 543 4101 opus
569 4012 908 4100 luerit,.quurta
927 4012 1199 4081 detrahenda.

598 4253 799 4267 man-—
