3067 5117
637 735 668 820 S.
691 737 741 805 22.

108 917 132 974 ll.
169 926 313 978 effussus
331 925 431 980 EORVM
450 929 609 988 OPINIONES,
633 929 683 984 ΟΠ
704 928 761 979 llll
777 926 892 978 sums
916 925 972 977 VEL
989 925 1142 977 rursiam
1158 925 1268 977 DOMINO

398 1033 600 1086 Psoslrlonsn
617 1033 788 1085 LIBlllll'dlIS
807 1032 976 1084 munaum

216 1191 284 1274 Qui
309 1201 452 1258 actorem
485 1193 519 1258 in
548 1193 718 1280 negatoria
745 1191 874 1258 actione
901 1190 1082 1257 libertatern
1112 1191 1160 1257 rci
1189 1215 1266 1258 suae

112 1292 204 1356 aiunt
226 1293 366 1378 probare
388 1292 518 1371 debere,
539 1293 597 1359 has
619 1293 686 1358 fere
709 1291 743 1357 in
763 1304 872 1379 partes
893 1291 1078 1358 discedunt:

213 1395 269 1470 1⁰,
289 1394 391 1471 Sunt,
413 1393 468 1479 qui
488 1405 645 1472 statuant,
676 1393 810 1460 omnino
841 1403 984 1457 actorem
1012 1395 1178 1481 suscipere
1208 1395 1266 1460 de-

108 1493 187 1558 bere
207 1493 364 1560 libertatis
385 1495 623 1580 probationem,
642 1495 711 1562 siue
731 1494 766 1558 in
787 1493 997 1579 possessione
1022 1508 1177 1573 moretur,
1197 1497 1267 1561 siue

108 1617 188 1660 non.
235 1596 285 1660 Ita
316 1595 569 1672 Scnwsrr1VS,
605 1595 724 1660 deinde
762 1594 983 1662 Scururmvs
1017 1619 1055 1662 ac
1091 1597 1266 1684 praecipue

108 1696 260 1773 Parrus,
283 1695 468 1782 nuperrime
492 1697 588 1762 etiam
610 1697 888 1763 Zmaonscnrvs.

213 1799 270 1875 2⁰,
297 1797 452 1884 Plerique
482 1797 660 1862 defendunt
690 1796 880 1882 opinionem
919 1797 1094 1883 antiquitus
1121 1797 1265 1876 relatam,

106 1897 263 1963 interesse
287 1897 420 1983 aliquid,
461 1909 569 1963 utrum
589 1920 664 1963 rcus
686 1898 720 1962 in
763 1899 977 1984 possessione
1019 1897 1182 1963 seruitutis
1225 1899 1267 1962 sit

108 2021 170 2064 neo
199 2021 262 2076 ne,
292 2010 324 2064 et
346 1999 436 2085 prius
464 2000 595 2084 quidem
621 1999 702 2064 illud
725 1998 752 2064 si
775 1999 945 2078 acciderit,
965 2010 1107 2066 actorem
1126 2000 1266 2085 probare

108 2099 229 2165 debere
255 2100 436 2166 libertatem
462 2101 510 2166 rei
540 2123 635 2179 suae,
668 2100 696 2166 si
722 2101 885 2188 posterius
919 2101 1000 2179 hoo,
1033 2101 1082 2166 rei
1111 2122 1202 2178 esse,
1232 2109 1268 2164 ut

108 2199 297 2265 seruitutem
317 2202 443 2286 probet.

213 2303 263 2378 3⁰,
293 2299 502 2369 Guvscmvs
536 2326 604 2368 non
628 2326 758 2369 omnem
779 2304 1025 2390 possessionem
1042 2303 1180 2369 eandem
1199 2301 1267 2367 uim

108 2402 230 2468 habere
252 2401 427 2488 proponit,
458 2403 516 2470 sed
546 2404 575 2470 ei
596 2414 720 2469 tanturn
740 2406 925 2490 possessori
945 2405 1172 2492 probationem
1194 2426 1267 2470 esse

107 2503 349 2581 remittendam,
371 2503 427 2588 qui
448 2504 481 2567 in
504 2506 709 2591 possessorio
730 2507 835 2571 uictor
854 2507 1019 2573 exstiterit.

213 2606 312 2672 Haud
341 2605 522 2671 absimilem
548 2607 624 2673 huie
650 2608 811 2672 rationem
840 2609 957 2673 eodem
978 2631 1064 2674 anno
1087 2609 1267 2675 GLVECKJI

108 2716 195 2773 certe
217 2718 391 2792 praecepta
412 2706 569 2792 ignorans
592 2706 737 2772 exhibuit
758 2709 993 2788 Sennrrrvs,
1016 2711 1120 2791 (ouius
1143 2735 1164 2776 a
1183 2733 1266 2796 pau-

107 2809 154 2874 cis
175 2819 297 2874 tantum
315 2806 498 2872 dissertatio
520 2807 648 2873 uidetur
667 2807 929 2893 inspectatores),
953 2811 1008 2894 qui
1022 2799 1266 2897 possessionem

107 2908 205 2974 talem
226 2931 299 2974 esse
323 2907 441 2972 debere
464 2909 589 2987 statuit,
617 2919 669 2986 ut,
696 2909 724 2972 si
755 2908 952 2988 turbaretur,
981 2912 1166 2996 possessori
1187 2913 1264 2977 reti-

108 3009 235 3074 nendae
257 3009 477 3097 possessionis
498 3009 677 3075 interdictis
699 3010 745 3074 uti
765 3009 895 3088 liceret,
917 3011 980 3076 nisi
1002 3012 1090 3096 quod
1111 3012 1164 3076 hic
1185 3036 1264 3099 pos-

106 3110 285 3174 sessorium
306 3109 510 3175 solummodo
537 3111 755 3190 ordinarium,
779 3111 910 3176 minime
934 3135 1013 3177 uero
1036 3115 1264 3180 summariissi·

106 3233 196 3277 mum
218 3211 259 3282 ad
280 3211 365 3276 hauc
385 3211 452 3275 uim
473 3213 687 3278 exercendam
709 3214 857 3280 sulficere
876 3215 1011 3301 putauit.

591 3509 789 3518 u———u—-2-n

642 3755 673 3837 §.
696 3755 746 3823 23.

377 3941 416 3994 ΙΙ.
454 3939 665 3993 TRANSITVS
684 3939 736 3992 AD
759 3941 982 4004 SEQVENTIA.

213 4118 252 4183 In
275 4120 539 4186 antecedentibus
562 4119 687 4186 duabus
709 4119 922 4208 paragraphis
945 4143 1076 4201 omnes,
1102 4123 1138 4188 ni
1158 4123 1263 4200 fallor,

111 4241 193 4304 quae
215 4220 312 4286 nobis
332 4221 589 4288 considerandae
614 4233 706 4300 sunt,
736 4223 912 4289 sententias
933 4224 1146 4310 protulimus:
1175 4223 1265 4288 illam

110 4321 212 4402 enim,
235 4344 300 4409 qua
320 4332 451 4390 auctore
473 4324 590 4404 actori,
616 4324 671 4410 qui
690 4322 827 4405 iniuste,
857 4334 911 4390 aut
930 4325 975 4404 ui,
998 4324 1098 4406 clam,
1116 4325 1263 4411 precario
