<?xml version="1.0" encoding="UTF-8"?>
<!DOCTYPE html PUBLIC "-//W3C//DTD XHTML 1.0 Transitional//EN"
    "http://www.w3.org/TR/xhtml1/DTD/xhtml1-transitional.dtd">
<html xmlns="http://www.w3.org/1999/xhtml" xml:lang="en" lang="en">
 <head>
  <title>
</title>
<meta http-equiv="Content-Type" content="text/html;charset=utf-8" />
  <meta name='ocr-system' content='tesseract 3.04.00' />
  <meta name='ocr-capabilities' content='ocr_page ocr_carea ocr_par ocr_line ocrx_word'/>
</head>
<body>
  <div class='ocr_page' id='page_1' title='image "./commentationesi00perngoog_0126.png"; bbox 0 0 3067 5117; ppageno 0'>
   <div class='ocr_carea' id='block_1_1' title="bbox 267 535 1520 2848">
    <p class='ocr_par' dir='ltr' id='par_1_1' title="bbox 267 535 1520 2848">
     <span class='ocr_line' id='line_1_1' title="bbox 271 535 1423 630; baseline 0.003 -26"><span class='ocrx_word' id='word_1_1' title='bbox 271 554 363 604; x_wconf 76' lang='lat' dir='ltr'>artvs</span> <span class='ocrx_word' id='word_1_2' title='bbox 384 535 480 617; x_wconf 86' lang='lat' dir='ltr'>(licit,</span> <span class='ocrx_word' id='word_1_3' title='bbox 501 538 595 605; x_wconf 88' lang='lat' dir='ltr'>cuius</span> <span class='ocrx_word' id='word_1_4' title='bbox 617 538 705 606; x_wconf 76' lang='lat' dir='ltr'>effati</span> <span class='ocrx_word' id='word_1_5' title='bbox 724 538 830 607; x_wconf 80' lang='lat' dir='ltr'>facilia</span> <span class='ocrx_word' id='word_1_6' title='bbox 850 550 900 607; x_wconf 86' lang='lat' dir='ltr'>est</span> <span class='ocrx_word' id='word_1_7' title='bbox 919 542 1013 609; x_wconf 90' lang='lat' dir='ltr'>ratio.</span> <span class='ocrx_word' id='word_1_8' title='bbox 1057 543 1185 630; x_wconf 79' lang='lat' dir='ltr'>Legata</span> <span class='ocrx_word' id='word_1_9' title='bbox 1205 542 1291 608; x_wconf 90' lang='lat' dir='ltr'>enim</span> <span class='ocrx_word' id='word_1_10' title='bbox 1312 562 1423 609; x_wconf 86' lang='lat' dir='ltr'>secun-</span> 
     </span>
     <span class='ocr_line' id='line_1_2' title="bbox 270 638 1424 728; baseline 0.004 -24"><span class='ocrx_word' id='word_1_11' title='bbox 270 638 322 704; x_wconf 87' lang='lat' dir='ltr'>dis</span> <span class='ocrx_word' id='word_1_12' title='bbox 341 640 460 706; x_wconf 87' lang='lat' dir='ltr'>tabulis</span> <span class='ocrx_word' id='word_1_13' title='bbox 476 638 589 706; x_wconf 85' lang='lat' dir='ltr'>relicta</span> <span class='ocrx_word' id='word_1_14' title='bbox 615 640 733 728; x_wconf 92' lang='lat' dir='ltr'>pupilli</span> <span class='ocrx_word' id='word_1_15' title='bbox 754 642 942 720; x_wconf 75' lang='lat' dir='ltr'>hereditati,</span> <span class='ocrx_word' id='word_1_16' title='bbox 972 643 1001 709; x_wconf 90' lang='lat' dir='ltr'>si</span> <span class='ocrx_word' id='word_1_17' title='bbox 1027 642 1158 728; x_wconf 89' lang='lat' dir='ltr'>quidem</span> <span class='ocrx_word' id='word_1_18' title='bbox 1185 642 1347 709; x_wconf 90' lang='lat' dir='ltr'>institutus</span> <span class='ocrx_word' id='word_1_19' title='bbox 1373 642 1424 709; x_wconf 89' lang='lat' dir='ltr'>ille</span> 
     </span>
     <span class='ocr_line' id='line_1_3' title="bbox 269 741 1425 831; baseline 0 -22"><span class='ocrx_word' id='word_1_20' title='bbox 269 741 382 820; x_wconf 85' lang='lat' dir='ltr'>luerit,</span> <span class='ocrx_word' id='word_1_21' title='bbox 410 741 587 808; x_wconf 84' lang='lat' dir='ltr'>adhaerere</span> <span class='ocrx_word' id='word_1_22' title='bbox 616 752 787 828; x_wconf 81' lang='lat' dir='ltr'>putantur:</span> <span class='ocrx_word' id='word_1_23' title='bbox 815 742 925 828; x_wconf 86' lang='lat' dir='ltr'>itaque</span> <span class='ocrx_word' id='word_1_24' title='bbox 954 742 1121 811; x_wconf 76' lang='lat' dir='ltr'>obtinente</span> <span class='ocrx_word' id='word_1_25' title='bbox 1140 744 1271 831; x_wconf 84' lang='lat' dir='ltr'>regula,</span> <span class='ocrx_word' id='word_1_26' title='bbox 1303 754 1338 809; x_wconf 91' lang='lat' dir='ltr'>ut</span> <span class='ocrx_word' id='word_1_27' title='bbox 1363 745 1425 831; x_wconf 88' lang='lat' dir='ltr'>pri·</span> 
     </span>
     <span class='ocr_line' id='line_1_4' title="bbox 269 842 1426 930; baseline 0.002 -21"><span class='ocrx_word' id='word_1_28' title='bbox 269 866 359 909; x_wconf 91' lang='lat' dir='ltr'>mum</span> <span class='ocrx_word' id='word_1_29' title='bbox 380 843 489 930; x_wconf 82' lang='lat' dir='ltr'>legata</span> <span class='ocrx_word' id='word_1_30' title='bbox 508 842 571 908; x_wconf 88' lang='lat' dir='ltr'>ista</span> <span class='ocrx_word' id='word_1_31' title='bbox 591 866 664 908; x_wconf 91' lang='lat' dir='ltr'>cum</span> <span class='ocrx_word' id='word_1_32' title='bbox 693 842 831 929; x_wconf 91' lang='lat' dir='ltr'>pupilli,</span> <span class='ocrx_word' id='word_1_33' title='bbox 860 844 912 909; x_wconf 91' lang='lat' dir='ltr'>cui</span> <span class='ocrx_word' id='word_1_34' title='bbox 939 843 1116 911; x_wconf 89' lang='lat' dir='ltr'>adhaerent</span> <span class='ocrx_word' id='word_1_35' title='bbox 1142 843 1320 913; x_wconf 88' lang='lat' dir='ltr'>hereditate</span> <span class='ocrx_word' id='word_1_36' title='bbox 1351 868 1426 911; x_wconf 88' lang='lat' dir='ltr'>eon-</span> 
     </span>
     <span class='ocr_line' id='line_1_5' title="bbox 270 942 1426 1032; baseline 0.001 -22"><span class='ocrx_word' id='word_1_37' title='bbox 270 942 461 1020; x_wconf 78' lang='lat' dir='ltr'>fundantur,</span> <span class='ocrx_word' id='word_1_38' title='bbox 492 943 612 1011; x_wconf 91' lang='lat' dir='ltr'>deinde</span> <span class='ocrx_word' id='word_1_39' title='bbox 633 944 707 1031; x_wconf 90' lang='lat' dir='ltr'>ipsa</span> <span class='ocrx_word' id='word_1_40' title='bbox 727 945 893 1011; x_wconf 89' lang='lat' dir='ltr'>substituti</span> <span class='ocrx_word' id='word_1_41' title='bbox 910 944 1061 1032; x_wconf 87' lang='lat' dir='ltr'>portione</span> <span class='ocrx_word' id='word_1_42' title='bbox 1084 954 1280 1031; x_wconf 80' lang='lat' dir='ltr'>augeantur,</span> <span class='ocrx_word' id='word_1_43' title='bbox 1308 946 1336 1011; x_wconf 90' lang='lat' dir='ltr'>si</span> <span class='ocrx_word' id='word_1_44' title='bbox 1354 947 1426 1011; x_wconf 82' lang='lat' dir='ltr'>sub·</span> 
     </span>
     <span class='ocr_line' id='line_1_6' title="bbox 270 1044 1519 1145; baseline 0.001 -33"><span class='ocrx_word' id='word_1_45' title='bbox 270 1044 371 1113; x_wconf 88' lang='lat' dir='ltr'>stituti</span> <span class='ocrx_word' id='word_1_46' title='bbox 391 1044 499 1131; x_wconf 87' lang='lat' dir='ltr'>portio</span> <span class='ocrx_word' id='word_1_47' title='bbox 519 1044 573 1138; x_wconf 84' lang='lat' dir='ltr'>nel</span> <span class='ocrx_word' id='word_1_48' title='bbox 595 1045 687 1111; x_wconf 91' lang='lat' dir='ltr'>nulla</span> <span class='ocrx_word' id='word_1_49' title='bbox 705 1047 801 1112; x_wconf 81' lang='lat' dir='ltr'>luerit</span> <span class='ocrx_word' id='word_1_50' title='bbox 823 1046 877 1129; x_wconf 86' lang='lat' dir='ltr'>(L.</span> <span class='ocrx_word' id='word_1_51' title='bbox 901 1048 949 1115; x_wconf 94' lang='grc'>11.</span> <span class='ocrx_word' id='word_1_52' title='bbox 972 1046 1004 1131; x_wconf 75' lang='lat'>§-</span> <span class='ocrx_word' id='word_1_53' title='bbox 1025 1047 1056 1113; x_wconf 86' lang='lat'>5.</span> <span class='ocrx_word' id='word_1_54' title='bbox 1078 1046 1120 1112; x_wconf 89' lang='lat' dir='ltr'>ad</span> <span class='ocrx_word' id='word_1_55' title='bbox 1139 1046 1354 1132; x_wconf 76' lang='lat' dir='ltr'>Leg.Falc.l,</span> <span class='ocrx_word' id='word_1_56' title='bbox 1376 1048 1425 1113; x_wconf 91' lang='lat' dir='ltr'>uel</span> <span class='ocrx_word' id='word_1_57' title='bbox 1518 1114 1519 1145; x_wconf 69' lang='lat'>,</span> 
     </span>
     <span class='ocr_line' id='line_1_7' title="bbox 270 1144 1519 1234; baseline 0.002 -23"><span class='ocrx_word' id='word_1_58' title='bbox 270 1144 435 1211; x_wconf 88' lang='lat' dir='ltr'>substituti</span> <span class='ocrx_word' id='word_1_59' title='bbox 460 1153 547 1211; x_wconf 87' lang='lat' dir='ltr'>certe</span> <span class='ocrx_word' id='word_1_60' title='bbox 577 1145 740 1213; x_wconf 87' lang='lat' dir='ltr'>hereditas</span> <span class='ocrx_word' id='word_1_61' title='bbox 779 1168 852 1213; x_wconf 90' lang='lat' dir='ltr'>esse</span> <span class='ocrx_word' id='word_1_62' title='bbox 882 1146 1029 1225; x_wconf 84' lang='lat' dir='ltr'>desierit,</span> <span class='ocrx_word' id='word_1_63' title='bbox 1063 1168 1268 1234; x_wconf 85' lang='lat' dir='ltr'>consequens</span> <span class='ocrx_word' id='word_1_64' title='bbox 1300 1158 1366 1226; x_wconf 90' lang='lat' dir='ltr'>est,</span> <span class='ocrx_word' id='word_1_65' title='bbox 1395 1158 1427 1213; x_wconf 90' lang='lat' dir='ltr'>ut</span> <span class='ocrx_word' id='word_1_66' title='bbox 1518 1150 1519 1191; x_wconf 60' lang='lat'>³</span> 
     </span>
     <span class='ocr_line' id='line_1_8' title="bbox 268 1245 1519 1333; baseline 0.002 -22"><span class='ocrx_word' id='word_1_67' title='bbox 268 1247 351 1313; x_wconf 86' lang='lat' dir='ltr'>ratio</span> <span class='ocrx_word' id='word_1_68' title='bbox 385 1245 472 1311; x_wconf 89' lang='lat' dir='ltr'>illius</span> <span class='ocrx_word' id='word_1_69' title='bbox 499 1247 660 1332; x_wconf 87' lang='lat' dir='ltr'>portionis</span> <span class='ocrx_word' id='word_1_70' title='bbox 692 1246 806 1313; x_wconf 87' lang='lat' dir='ltr'>haberi</span> <span class='ocrx_word' id='word_1_71' title='bbox 842 1269 909 1313; x_wconf 91' lang='lat' dir='ltr'>non</span> <span class='ocrx_word' id='word_1_72' title='bbox 937 1247 1059 1333; x_wconf 85' lang='lat' dir='ltr'>possit,</span> <span class='ocrx_word' id='word_1_73' title='bbox 1095 1258 1127 1313; x_wconf 88' lang='lat' dir='ltr'>et</span> <span class='ocrx_word' id='word_1_74' title='bbox 1155 1248 1237 1314; x_wconf 88' lang='lat' dir='ltr'>ratio</span> <span class='ocrx_word' id='word_1_75' title='bbox 1265 1247 1427 1314; x_wconf 80' lang='lat' dir='ltr'>Falcidiae</span> <span class='ocrx_word' id='word_1_76' title='bbox 1518 1280 1519 1283; x_wconf 38' lang='lat'>¹</span> 
     </span>
     <span class='ocr_line' id='line_1_9' title="bbox 270 1346 1427 1434; baseline 0.001 -22"><span class='ocrx_word' id='word_1_77' title='bbox 270 1346 381 1433; x_wconf 90' lang='lat' dir='ltr'>quoad</span> <span class='ocrx_word' id='word_1_78' title='bbox 400 1346 510 1433; x_wconf 77' lang='lat' dir='ltr'>legata</span> <span class='ocrx_word' id='word_1_79' title='bbox 523 1348 677 1413; x_wconf 87' lang='lat' dir='ltr'>secundis</span> <span class='ocrx_word' id='word_1_80' title='bbox 690 1348 809 1414; x_wconf 83' lang='lat' dir='ltr'>tabulis</span> <span class='ocrx_word' id='word_1_81' title='bbox 826 1348 939 1415; x_wconf 89' lang='lat' dir='ltr'>relicta</span> <span class='ocrx_word' id='word_1_82' title='bbox 952 1370 1019 1414; x_wconf 90' lang='lat' dir='ltr'>nou</span> <span class='ocrx_word' id='word_1_83' title='bbox 1036 1357 1071 1413; x_wconf 92' lang='lat' dir='ltr'>ut</span> <span class='ocrx_word' id='word_1_84' title='bbox 1090 1346 1169 1415; x_wconf 86' lang='lat' dir='ltr'>alias</span> <span class='ocrx_word' id='word_1_85' title='bbox 1190 1347 1224 1413; x_wconf 96' lang='lat' dir='ltr'>in</span> <span class='ocrx_word' id='word_1_86' title='bbox 1245 1348 1313 1427; x_wconf 90' lang='lat' dir='ltr'>tali,</span> <span class='ocrx_word' id='word_1_87' title='bbox 1337 1371 1427 1434; x_wconf 89' lang='lat' dir='ltr'>quern</span> 
     </span>
     <span class='ocr_line' id='line_1_10' title="bbox 267 1448 1426 1535; baseline -0.002 -19"><span class='ocrx_word' id='word_1_88' title='bbox 267 1450 488 1516; x_wconf 75' lang='lat' dir='ltr'>Pmnnsvs</span> <span class='ocrx_word' id='word_1_89' title='bbox 517 1448 707 1535; x_wconf 77' lang='lat' dir='ltr'>descripsit,</span> <span class='ocrx_word' id='word_1_90' title='bbox 741 1472 820 1516; x_wconf 89' lang='lat' dir='ltr'>casu</span> <span class='ocrx_word' id='word_1_91' title='bbox 850 1451 986 1527; x_wconf 86' lang='lat' dir='ltr'>assolet,</span> <span class='ocrx_word' id='word_1_92' title='bbox 1017 1450 1051 1514; x_wconf 90' lang='lat' dir='ltr'>in</span> <span class='ocrx_word' id='word_1_93' title='bbox 1073 1459 1208 1535; x_wconf 85' lang='lat' dir='ltr'>paterna</span> <span class='ocrx_word' id='word_1_94' title='bbox 1241 1448 1426 1526; x_wconf 90' lang='lat' dir='ltr'>hereditate,</span> 
     </span>
     <span class='ocr_line' id='line_1_11' title="bbox 268 1548 1427 1639; baseline -0.003 -22"><span class='ocrx_word' id='word_1_95' title='bbox 268 1550 322 1617; x_wconf 90' lang='lat' dir='ltr'>nel</span> <span class='ocrx_word' id='word_1_96' title='bbox 341 1550 451 1636; x_wconf 87' lang='lat' dir='ltr'>potius</span> <span class='ocrx_word' id='word_1_97' title='bbox 470 1548 505 1613; x_wconf 93' lang='lat' dir='ltr'>in</span> <span class='ocrx_word' id='word_1_98' title='bbox 526 1572 567 1615; x_wconf 90' lang='lat' dir='ltr'>ea</span> <span class='ocrx_word' id='word_1_99' title='bbox 586 1550 772 1617; x_wconf 87' lang='lat' dir='ltr'>hereditatis</span> <span class='ocrx_word' id='word_1_100' title='bbox 792 1562 947 1639; x_wconf 88' lang='lat' dir='ltr'>paternae</span> <span class='ocrx_word' id='word_1_101' title='bbox 967 1560 1077 1637; x_wconf 89' lang='lat' dir='ltr'>parte,</span> <span class='ocrx_word' id='word_1_102' title='bbox 1113 1572 1210 1636; x_wconf 91' lang='lat' dir='ltr'>quam</span> <span class='ocrx_word' id='word_1_103' title='bbox 1231 1549 1348 1627; x_wconf 84' lang='lat' dir='ltr'>trater,</span> <span class='ocrx_word' id='word_1_104' title='bbox 1369 1550 1427 1615; x_wconf 93' lang='lat' dir='ltr'>nisi</span> 
     </span>
     <span class='ocr_line' id='line_1_12' title="bbox 269 1650 1426 1738; baseline -0.004 -18"><span class='ocrx_word' id='word_1_105' title='bbox 269 1650 499 1727; x_wconf 78' lang='lat' dir='ltr'>abstinuisset,</span> <span class='ocrx_word' id='word_1_106' title='bbox 529 1650 649 1717; x_wconf 90' lang='lat' dir='ltr'>habere</span> <span class='ocrx_word' id='word_1_107' title='bbox 674 1652 851 1738; x_wconf 86' lang='lat' dir='ltr'>potuisset,</span> <span class='ocrx_word' id='word_1_108' title='bbox 872 1650 1064 1730; x_wconf 89' lang='lat' dir='ltr'>inducatur,</span> <span class='ocrx_word' id='word_1_109' title='bbox 1093 1650 1152 1717; x_wconf 88' lang='lat' dir='ltr'>sed</span> <span class='ocrx_word' id='word_1_110' title='bbox 1173 1650 1207 1716; x_wconf 92' lang='lat' dir='ltr'>in</span> <span class='ocrx_word' id='word_1_111' title='bbox 1226 1652 1426 1719; x_wconf 71' lang='lat' dir='ltr'>securitatibus</span> 
     </span>
     <span class='ocr_line' id='line_1_13' title="bbox 267 1750 1426 1839; baseline -0.001 -18"><span class='ocrx_word' id='word_1_112' title='bbox 267 1765 391 1821; x_wconf 76' lang='lat' dir='ltr'>tanturm</span> <span class='ocrx_word' id='word_1_113' title='bbox 407 1750 542 1838; x_wconf 91' lang='lat' dir='ltr'>pupilli,</span> <span class='ocrx_word' id='word_1_114' title='bbox 572 1774 656 1837; x_wconf 89' lang='lat' dir='ltr'>quae</span> <span class='ocrx_word' id='word_1_115' title='bbox 682 1753 755 1819; x_wconf 88' lang='lat' dir='ltr'>sola</span> <span class='ocrx_word' id='word_1_116' title='bbox 782 1752 824 1819; x_wconf 92' lang='lat' dir='ltr'>ad</span> <span class='ocrx_word' id='word_1_117' title='bbox 846 1754 976 1819; x_wconf 74' lang='lat' dir='ltr'>fratrem</span> <span class='ocrx_word' id='word_1_118' title='bbox 999 1763 1237 1839; x_wconf 88' lang='lat' dir='ltr'>peruenerunt,</span> <span class='ocrx_word' id='word_1_119' title='bbox 1259 1753 1361 1819; x_wconf 87' lang='lat' dir='ltr'>saluis</span> <span class='ocrx_word' id='word_1_120' title='bbox 1379 1754 1426 1819; x_wconf 89' lang='lat' dir='ltr'>ui-</span> 
     </span>
     <span class='ocr_line' id='line_1_14' title="bbox 267 1852 1427 1941; baseline 0.001 -22"><span class='ocrx_word' id='word_1_121' title='bbox 267 1855 386 1923; x_wconf 86' lang='lat' dir='ltr'>delicet</span> <span class='ocrx_word' id='word_1_122' title='bbox 404 1852 512 1930; x_wconf 88' lang='lat' dir='ltr'>bonis,</span> <span class='ocrx_word' id='word_1_123' title='bbox 534 1874 618 1938; x_wconf 88' lang='lat' dir='ltr'>quae</span> <span class='ocrx_word' id='word_1_124' title='bbox 640 1852 827 1921; x_wconf 88' lang='lat' dir='ltr'>aduenticia</span> <span class='ocrx_word' id='word_1_125' title='bbox 846 1856 929 1921; x_wconf 80' lang='lat' dir='ltr'>forte</span> <span class='ocrx_word' id='word_1_126' title='bbox 954 1853 1099 1941; x_wconf 88' lang='lat' dir='ltr'>pupillus</span> <span class='ocrx_word' id='word_1_127' title='bbox 1119 1852 1277 1920; x_wconf 88' lang='lat' dir='ltr'>habuerit.</span> <span class='ocrx_word' id='word_1_128' title='bbox 1319 1855 1427 1941; x_wconf 85' lang='lat' dir='ltr'>Itaque</span> 
     </span>
     <span class='ocr_line' id='line_1_15' title="bbox 268 1952 1426 2044; baseline 0 -23"><span class='ocrx_word' id='word_1_129' title='bbox 268 1957 408 2044; x_wconf 89' lang='lat' dir='ltr'>primum</span> <span class='ocrx_word' id='word_1_130' title='bbox 427 1952 508 2018; x_wconf 92' lang='lat' dir='ltr'>illud</span> <span class='ocrx_word' id='word_1_131' title='bbox 528 1964 595 2031; x_wconf 89' lang='lat' dir='ltr'>„ut</span> <span class='ocrx_word' id='word_1_132' title='bbox 615 1954 723 2021; x_wconf 86' lang='lat' dir='ltr'>alias</span> <span class='ocrx_word' id='word_1_133' title='bbox 743 1956 878 2022; x_wconf 87' lang='lat' dir='ltr'>solet“</span> <span class='ocrx_word' id='word_1_134' title='bbox 898 1956 943 2023; x_wconf 86' lang='lat' dir='ltr'>ita</span> <span class='ocrx_word' id='word_1_135' title='bbox 964 1954 1060 2021; x_wconf 86' lang='lat' dir='ltr'>debet</span> <span class='ocrx_word' id='word_1_136' title='bbox 1072 1953 1292 2032; x_wconf 88' lang='lat' dir='ltr'>determinari,</span> <span class='ocrx_word' id='word_1_137' title='bbox 1313 1966 1349 2020; x_wconf 91' lang='lat' dir='ltr'>ut</span> <span class='ocrx_word' id='word_1_138' title='bbox 1370 1978 1426 2021; x_wconf 90' lang='lat' dir='ltr'>no-</span> 
     </span>
     <span class='ocr_line' id='line_1_16' title="bbox 267 2054 1427 2142; baseline -0.001 -18"><span class='ocrx_word' id='word_1_139' title='bbox 267 2059 391 2124; x_wconf 88' lang='lat' dir='ltr'>tionem</span> <span class='ocrx_word' id='word_1_140' title='bbox 412 2054 637 2121; x_wconf 84' lang='lat' dir='ltr'>subiiciamus:</span> <span class='ocrx_word' id='word_1_141' title='bbox 656 2056 721 2133; x_wconf 89' lang='lat' dir='ltr'>„in</span> <span class='ocrx_word' id='word_1_142' title='bbox 743 2057 822 2123; x_wconf 92' lang='lat' dir='ltr'>tali</span> <span class='ocrx_word' id='word_1_143' title='bbox 844 2064 975 2133; x_wconf 86' lang='lat' dir='ltr'>casu,“</span> <span class='ocrx_word' id='word_1_144' title='bbox 998 2056 1027 2121; x_wconf 89' lang='lat' dir='ltr'>si</span> <span class='ocrx_word' id='word_1_145' title='bbox 1048 2056 1172 2123; x_wconf 90' lang='lat' dir='ltr'>scilicet</span> <span class='ocrx_word' id='word_1_146' title='bbox 1190 2054 1301 2142; x_wconf 83' lang='lat' dir='ltr'>legata</span> <span class='ocrx_word' id='word_1_147' title='bbox 1314 2079 1427 2123; x_wconf 90' lang='lat' dir='ltr'>secun-</span> 
     </span>
     <span class='ocr_line' id='line_1_17' title="bbox 268 2154 1426 2244; baseline -0.003 -19"><span class='ocrx_word' id='word_1_148' title='bbox 268 2160 320 2225; x_wconf 93' lang='lat' dir='ltr'>dis</span> <span class='ocrx_word' id='word_1_149' title='bbox 341 2156 459 2224; x_wconf 81' lang='lat' dir='ltr'>tabulis</span> <span class='ocrx_word' id='word_1_150' title='bbox 476 2154 591 2221; x_wconf 87' lang='lat' dir='ltr'>relicta</span> <span class='ocrx_word' id='word_1_151' title='bbox 610 2155 686 2233; x_wconf 85' lang='lat' dir='ltr'>sint,</span> <span class='ocrx_word' id='word_1_152' title='bbox 711 2169 744 2223; x_wconf 88' lang='lat' dir='ltr'>et</span> <span class='ocrx_word' id='word_1_153' title='bbox 765 2169 874 2225; x_wconf 88' lang='lat' dir='ltr'>cetera</span> <span class='ocrx_word' id='word_1_154' title='bbox 893 2158 1057 2244; x_wconf 86' lang='lat' dir='ltr'>descripto</span> <span class='ocrx_word' id='word_1_155' title='bbox 1071 2155 1171 2223; x_wconf 89' lang='lat' dir='ltr'>modo</span> <span class='ocrx_word' id='word_1_156' title='bbox 1193 2179 1265 2224; x_wconf 85' lang='lat' dir='ltr'>sese</span> <span class='ocrx_word' id='word_1_157' title='bbox 1279 2157 1426 2225; x_wconf 85' lang='lat' dir='ltr'>habeant:</span> 
     </span>
     <span class='ocr_line' id='line_1_18' title="bbox 268 2254 1427 2346; baseline -0.002 -19"><span class='ocrx_word' id='word_1_158' title='bbox 268 2258 394 2326; x_wconf 87' lang='lat' dir='ltr'>namsi</span> <span class='ocrx_word' id='word_1_159' title='bbox 415 2254 609 2343; x_wconf 81' lang='lat' dir='ltr'>generaliter</span> <span class='ocrx_word' id='word_1_160' title='bbox 628 2255 693 2323; x_wconf 91' lang='lat' dir='ltr'>boc</span> <span class='ocrx_word' id='word_1_161' title='bbox 712 2257 834 2325; x_wconf 88' lang='lat' dir='ltr'>dictum</span> <span class='ocrx_word' id='word_1_162' title='bbox 853 2270 966 2346; x_wconf 85' lang='lat' dir='ltr'>putes,</span> <span class='ocrx_word' id='word_1_163' title='bbox 997 2260 1218 2325; x_wconf 72' lang='lat' dir='ltr'>Pssmmvs</span> <span class='ocrx_word' id='word_1_164' title='bbox 1238 2257 1278 2323; x_wconf 82' lang='lat' dir='ltr'>iis</span> <span class='ocrx_word' id='word_1_165' title='bbox 1303 2269 1427 2325; x_wconf 70' lang='lat' dir='ltr'>eontra</span> 
     </span>
     <span class='ocr_line' id='line_1_19' title="bbox 268 2356 1426 2447; baseline -0.002 -21"><span class='ocrx_word' id='word_1_166' title='bbox 268 2362 407 2436; x_wconf 89' lang='lat' dir='ltr'>diceret,</span> <span class='ocrx_word' id='word_1_167' title='bbox 431 2379 514 2443; x_wconf 88' lang='lat' dir='ltr'>quae</span> <span class='ocrx_word' id='word_1_168' title='bbox 533 2356 605 2443; x_wconf 87' lang='lat' dir='ltr'>ipse</span> <span class='ocrx_word' id='word_1_169' title='bbox 634 2357 676 2423; x_wconf 79' lang='lat' dir='ltr'>L.</span> <span class='ocrx_word' id='word_1_170' title='bbox 696 2361 745 2427; x_wconf 92' lang='grc'>11.</span> <span class='ocrx_word' id='word_1_171' title='bbox 767 2361 800 2446; x_wconf 78' lang='lat' dir='ltr'>S.</span> <span class='ocrx_word' id='word_1_172' title='bbox 820 2360 851 2429; x_wconf 82' lang='lat'>6.</span> <span class='ocrx_word' id='word_1_173' title='bbox 875 2362 917 2427; x_wconf 89' lang='lat' dir='ltr'>ad</span> <span class='ocrx_word' id='word_1_174' title='bbox 936 2362 1022 2447; x_wconf 82' lang='lat' dir='ltr'>Lag.</span> <span class='ocrx_word' id='word_1_175' title='bbox 1044 2359 1135 2426; x_wconf 85' lang='lat' dir='ltr'>Falc.</span> <span class='ocrx_word' id='word_1_176' title='bbox 1164 2360 1340 2438; x_wconf 83' lang='lat' dir='ltr'>docuerat,</span> <span class='ocrx_word' id='word_1_177' title='bbox 1372 2360 1426 2425; x_wconf 89' lang='lat' dir='ltr'>dc-</span> 
     </span>
     <span class='ocr_line' id='line_1_20' title="bbox 267 2460 1427 2548; baseline -0.003 -20"><span class='ocrx_word' id='word_1_178' title='bbox 267 2461 344 2529; x_wconf 89' lang='lat' dir='ltr'>inde</span> <span class='ocrx_word' id='word_1_179' title='bbox 364 2469 473 2526; x_wconf 91' lang='lat' dir='ltr'>autem</span> <span class='ocrx_word' id='word_1_180' title='bbox 493 2467 643 2544; x_wconf 89' lang='lat' dir='ltr'>apparet,</span> <span class='ocrx_word' id='word_1_181' title='bbox 675 2482 793 2529; x_wconf 88' lang='lat' dir='ltr'>nocem</span> <span class='ocrx_word' id='word_1_182' title='bbox 827 2461 1101 2539; x_wconf 84' lang='lat' dir='ltr'>,‚dumtaxat“</span> <span class='ocrx_word' id='word_1_183' title='bbox 1134 2482 1309 2547; x_wconf 80' lang='lat' dir='ltr'>perperam</span> <span class='ocrx_word' id='word_1_184' title='bbox 1340 2460 1427 2548; x_wconf 87' lang='lat' dir='ltr'>iungi</span> 
     </span>
     <span class='ocr_line' id='line_1_21' title="bbox 268 2559 1426 2651; baseline -0.003 -20"><span class='ocrx_word' id='word_1_185' title='bbox 268 2586 343 2631; x_wconf 92' lang='lat' dir='ltr'>cum</span> <span class='ocrx_word' id='word_1_186' title='bbox 362 2559 500 2627; x_wconf 90' lang='lat' dir='ltr'>uocibus</span> <span class='ocrx_word' id='word_1_187' title='bbox 534 2561 771 2637; x_wconf 87' lang='lat' dir='ltr'>„secundis</span> <span class='ocrx_word' id='word_1_188' title='bbox 802 2560 972 2629; x_wconf 86' lang='lat' dir='ltr'>tabulis</span> <span class='ocrx_word' id='word_1_189' title='bbox 1002 2563 1199 2641; x_wconf 89' lang='lat' dir='ltr'>relicta,“</span> <span class='ocrx_word' id='word_1_190' title='bbox 1230 2562 1289 2629; x_wconf 88' lang='lat' dir='ltr'>sed</span> <span class='ocrx_word' id='word_1_191' title='bbox 1323 2564 1426 2651; x_wconf 89' lang='lat' dir='ltr'>potius</span> 
     </span>
     <span class='ocr_line' id='line_1_22' title="bbox 269 2654 1520 2748; baseline 0.002 -17"><span class='ocrx_word' id='word_1_192' title='bbox 269 2665 311 2731; x_wconf 91' lang='lat' dir='ltr'>ad</span> <span class='ocrx_word' id='word_1_193' title='bbox 333 2660 503 2748; x_wconf 89' lang='lat' dir='ltr'>sequentia</span> <span class='ocrx_word' id='word_1_194' title='bbox 521 2659 714 2727; x_wconf 87' lang='lat' dir='ltr'>trahendum</span> <span class='ocrx_word' id='word_1_195' title='bbox 745 2684 818 2730; x_wconf 88' lang='lat' dir='ltr'>esse</span> <span class='ocrx_word' id='word_1_196' title='bbox 857 2662 1028 2742; x_wconf 90' lang='lat' dir='ltr'>„habita</span> <span class='ocrx_word' id='word_1_197' title='bbox 1056 2663 1426 2732; x_wconf 80' lang='lat' dir='ltr'>rationeiaeulta-</span> <span class='ocrx_word' id='word_1_198' title='bbox 1519 2654 1520 2733; x_wconf 84' lang='lat'>}</span> 
     </span>
     <span class='ocr_line' id='line_1_23' title="bbox 268 2762 937 2848; baseline -0.003 -16"><span class='ocrx_word' id='word_1_199' title='bbox 268 2765 369 2832; x_wconf 90' lang='lat' dir='ltr'>tium</span> <span class='ocrx_word' id='word_1_200' title='bbox 390 2809 525 2828; x_wconf 90' lang='grc'><strong>.....</strong></span> <span class='ocrx_word' id='word_1_201' title='bbox 547 2762 621 2829; x_wconf 89' lang='lat' dir='ltr'>sed</span> <span class='ocrx_word' id='word_1_202' title='bbox 641 2762 902 2848; x_wconf 89' lang='lat' dir='ltr'>impuberis.</span> <span class='ocrx_word' id='word_1_203' title='bbox 916 2770 937 2801; x_wconf 93' lang='lat'><strong>“</strong></span> 
     </span>
    </p>
   </div>
   <div class='ocr_carea' id='block_1_2' title="bbox 372 2881 1520 2968">
    <p class='ocr_par' dir='ltr' id='par_1_2' title="bbox 372 2881 1520 2968">
     <span class='ocr_line' id='line_1_24' title="bbox 372 2881 1520 2968; baseline 0.004 -21"><span class='ocrx_word' id='word_1_204' title='bbox 372 2881 658 2968; x_wconf 81' lang='lat' dir='ltr'>Quemadmodum</span> <span class='ocrx_word' id='word_1_205' title='bbox 681 2904 761 2949; x_wconf 89' lang='lat' dir='ltr'>uero</span> <span class='ocrx_word' id='word_1_206' title='bbox 791 2882 873 2949; x_wconf 90' lang='lat' dir='ltr'>hacc</span> <span class='ocrx_word' id='word_1_207' title='bbox 898 2884 1089 2951; x_wconf 68' lang='lat' dir='ltr'>rammam</span> <span class='ocrx_word' id='word_1_208' title='bbox 1118 2883 1241 2952; x_wconf 90' lang='lat' dir='ltr'>decisio</span> <span class='ocrx_word' id='word_1_209' title='bbox 1268 2886 1427 2952; x_wconf 89' lang='lat' dir='ltr'>immutari</span> <span class='ocrx_word' id='word_1_210' title='bbox 1519 2910 1520 2913; x_wconf 44' lang='lat'>¹</span> 
     </span>
    </p>
   </div>
   <div class='ocr_carea' id='block_1_3' title="bbox 266 2982 1429 3258">
    <p class='ocr_par' dir='ltr' id='par_1_3' title="bbox 266 2982 1429 3258">
     <span class='ocr_line' id='line_1_25' title="bbox 266 2982 1427 3076; baseline -0.002 -21"><span class='ocrx_word' id='word_1_211' title='bbox 266 2986 372 3076; x_wconf 87' lang='lat' dir='ltr'>possit</span> <span class='ocrx_word' id='word_1_212' title='bbox 390 2982 497 3051; x_wconf 79' lang='lat' dir='ltr'>fratris</span> <span class='ocrx_word' id='word_1_213' title='bbox 519 2982 597 3049; x_wconf 91' lang='lat' dir='ltr'>dolo</span> <span class='ocrx_word' id='word_1_214' title='bbox 620 2982 707 3049; x_wconf 88' lang='lat' dir='ltr'>malo</span> <span class='ocrx_word' id='word_1_215' title='bbox 730 2983 963 3063; x_wconf 87' lang='lat' dir='ltr'>intercedente,</span> <span class='ocrx_word' id='word_1_216' title='bbox 984 2986 1143 3053; x_wconf 91' lang='lat' dir='ltr'>hocloco</span> <span class='ocrx_word' id='word_1_217' title='bbox 1167 3009 1335 3074; x_wconf 87' lang='lat' dir='ltr'>exponere</span> <span class='ocrx_word' id='word_1_218' title='bbox 1357 2990 1427 3055; x_wconf 90' lang='lat' dir='ltr'>lon-</span> 
     </span>
     <span class='ocr_line' id='line_1_26' title="bbox 267 3084 1429 3177; baseline 0.001 -23"><span class='ocrx_word' id='word_1_219' title='bbox 267 3112 346 3176; x_wconf 85' lang='lat' dir='ltr'>gum</span> <span class='ocrx_word' id='word_1_220' title='bbox 373 3097 432 3155; x_wconf 88' lang='lat' dir='ltr'>est.</span> <span class='ocrx_word' id='word_1_221' title='bbox 476 3084 626 3153; x_wconf 86' lang='lat' dir='ltr'>Sufficiat</span> <span class='ocrx_word' id='word_1_222' title='bbox 651 3084 686 3149; x_wconf 91' lang='lat' dir='ltr'>id</span> <span class='ocrx_word' id='word_1_223' title='bbox 712 3086 926 3171; x_wconf 85' lang='lat' dir='ltr'>exposuisse,</span> <span class='ocrx_word' id='word_1_224' title='bbox 954 3088 1043 3173; x_wconf 91' lang='lat' dir='ltr'>quod</span> <span class='ocrx_word' id='word_1_225' title='bbox 1066 3088 1138 3155; x_wconf 84' lang='lat' dir='ltr'>fieri</span> <span class='ocrx_word' id='word_1_226' title='bbox 1157 3090 1429 3177; x_wconf 90' lang='lat' dir='ltr'>praesumendum</span> 
     </span>
     <span class='ocr_line' id='line_1_27' title="bbox 268 3202 328 3258; baseline -0.033 0"><span class='ocrx_word' id='word_1_227' title='bbox 268 3202 328 3258; x_wconf 77' lang='lat' dir='ltr'>est</span> 
     </span>
    </p>
   </div>
   <div class='ocr_carea' id='block_1_4' title="bbox 267 3305 1430 3679">
    <p class='ocr_par' dir='ltr' id='par_1_4' title="bbox 267 3305 1430 3679">
     <span class='ocr_line' id='line_1_28' title="bbox 371 3305 1429 3395; baseline -0.004 -20"><span class='ocrx_word' id='word_1_228' title='bbox 371 3306 441 3375; x_wconf 92' lang='lat' dir='ltr'>Sub</span> <span class='ocrx_word' id='word_1_229' title='bbox 459 3305 527 3371; x_wconf 86' lang='lat' dir='ltr'>fine</span> <span class='ocrx_word' id='word_1_230' title='bbox 542 3306 658 3392; x_wconf 80' lang='lat' dir='ltr'>igitur,</span> <span class='ocrx_word' id='word_1_231' title='bbox 678 3318 714 3371; x_wconf 93' lang='lat' dir='ltr'>ut</span> <span class='ocrx_word' id='word_1_232' title='bbox 734 3307 945 3395; x_wconf 83' lang='lat' dir='ltr'>colligamus,</span> <span class='ocrx_word' id='word_1_233' title='bbox 966 3330 1052 3393; x_wconf 89' lang='lat' dir='ltr'>quae</span> <span class='ocrx_word' id='word_1_234' title='bbox 1071 3308 1133 3375; x_wconf 89' lang='lat' dir='ltr'>hac</span> <span class='ocrx_word' id='word_1_235' title='bbox 1151 3306 1226 3394; x_wconf 87' lang='lat' dir='ltr'>lege</span> <span class='ocrx_word' id='word_1_236' title='bbox 1245 3306 1429 3382; x_wconf 83' lang='lat' dir='ltr'>edocemur,</span> 
     </span>
     <span class='ocr_line' id='line_1_29' title="bbox 268 3406 1429 3496; baseline -0.004 -20"><span class='ocrx_word' id='word_1_237' title='bbox 268 3409 396 3485; x_wconf 90' lang='lat' dir='ltr'>omnia,</span> <span class='ocrx_word' id='word_1_238' title='bbox 418 3406 523 3492; x_wconf 90' lang='lat' dir='ltr'>primo</span> <span class='ocrx_word' id='word_1_239' title='bbox 546 3407 621 3473; x_wconf 91' lang='lat' dir='ltr'>loco</span> <span class='ocrx_word' id='word_1_240' title='bbox 641 3409 787 3485; x_wconf 90' lang='lat' dir='ltr'>tertium,</span> <span class='ocrx_word' id='word_1_241' title='bbox 811 3432 908 3495; x_wconf 90' lang='lat' dir='ltr'>quem</span> <span class='ocrx_word' id='word_1_242' title='bbox 929 3432 1027 3496; x_wconf 87' lang='lat' dir='ltr'>supra</span> <span class='ocrx_word' id='word_1_243' title='bbox 1047 3407 1298 3476; x_wconf 91' lang='lat' dir='ltr'>memorauimus</span> <span class='ocrx_word' id='word_1_244' title='bbox 1322 3432 1429 3475; x_wconf 88' lang='lat' dir='ltr'>casum</span> 
     </span>
     <span class='ocr_line' id='line_1_30' title="bbox 267 3507 1430 3599; baseline -0.004 -23"><span class='ocrx_word' id='word_1_245' title='bbox 267 3518 441 3599; x_wconf 88' lang='lat' dir='ltr'>praecepto</span> <span class='ocrx_word' id='word_1_246' title='bbox 469 3507 510 3572; x_wconf 88' lang='lat' dir='ltr'>L.</span> <span class='ocrx_word' id='word_1_247' title='bbox 531 3510 582 3576; x_wconf 84' lang='grc'><strong>41.</strong></span> <span class='ocrx_word' id='word_1_248' title='bbox 604 3509 656 3575; x_wconf 89' lang='lat' dir='ltr'>cit.</span> <span class='ocrx_word' id='word_1_249' title='bbox 687 3509 866 3577; x_wconf 82' lang='lat' dir='ltr'>exhibitum</span> <span class='ocrx_word' id='word_1_250' title='bbox 892 3511 937 3577; x_wconf 92' lang='lat' dir='ltr'>ita</span> <span class='ocrx_word' id='word_1_251' title='bbox 961 3533 1136 3597; x_wconf 90' lang='lat' dir='ltr'>possumus</span> <span class='ocrx_word' id='word_1_252' title='bbox 1157 3509 1373 3597; x_wconf 85' lang='lat' dir='ltr'>amplificare,</span> <span class='ocrx_word' id='word_1_253' title='bbox 1398 3518 1430 3573; x_wconf 91' lang='lat' dir='ltr'>ut</span> 
     </span>
     <span class='ocr_line' id='line_1_31' title="bbox 267 3613 429 3679; baseline -0.019 -2"><span class='ocrx_word' id='word_1_254' title='bbox 267 3613 429 3679; x_wconf 76' lang='lat' dir='ltr'>dicamust</span> 
     </span>
    </p>
   </div>
   <div class='ocr_carea' id='block_1_5' title="bbox 265 3730 1426 4023">
    <p class='ocr_par' dir='ltr' id='par_1_5' title="bbox 265 3730 1426 4023">
     <span class='ocr_line' id='line_1_32' title="bbox 349 3730 1426 3821; baseline 0.001 -25"><span class='ocrx_word' id='word_1_255' title='bbox 349 3732 495 3811; x_wconf 83' lang='lat' dir='ltr'>„Frater,</span> <span class='ocrx_word' id='word_1_256' title='bbox 514 3733 543 3798; x_wconf 91' lang='lat' dir='ltr'>si</span> <span class='ocrx_word' id='word_1_257' title='bbox 565 3756 586 3799; x_wconf 89' lang='lat' dir='ltr'>a</span> <span class='ocrx_word' id='word_1_258' title='bbox 605 3741 742 3818; x_wconf 89' lang='lat' dir='ltr'>paterna</span> <span class='ocrx_word' id='word_1_259' title='bbox 762 3730 941 3799; x_wconf 86' lang='lat' dir='ltr'>hereditate</span> <span class='ocrx_word' id='word_1_260' title='bbox 962 3730 1163 3811; x_wconf 86' lang='lat' dir='ltr'>abstinuerit,</span> <span class='ocrx_word' id='word_1_261' title='bbox 1187 3755 1318 3821; x_wconf 87' lang='lat' dir='ltr'>semper</span> <span class='ocrx_word' id='word_1_262' title='bbox 1340 3731 1426 3801; x_wconf 89' lang='lat' dir='ltr'>adire</span> 
     </span>
     <span class='ocr_line' id='line_1_33' title="bbox 345 3831 1233 3919; baseline 0.005 -23"><span class='ocrx_word' id='word_1_263' title='bbox 345 3842 454 3917; x_wconf 93' lang='lat' dir='ltr'>potest</span> <span class='ocrx_word' id='word_1_264' title='bbox 472 3831 684 3901; x_wconf 88' lang='lat' dir='ltr'>hereditatem</span> <span class='ocrx_word' id='word_1_265' title='bbox 703 3832 835 3919; x_wconf 91' lang='lat' dir='ltr'>pupilli,</span> <span class='ocrx_word' id='word_1_266' title='bbox 856 3832 908 3899; x_wconf 89' lang='lat' dir='ltr'>cui</span> <span class='ocrx_word' id='word_1_267' title='bbox 930 3832 1118 3899; x_wconf 86' lang='lat' dir='ltr'>substitutus</span> <span class='ocrx_word' id='word_1_268' title='bbox 1141 3833 1233 3899; x_wconf 86' lang='lat' dir='ltr'>fuit.“</span> 
     </span>
     <span class='ocr_line' id='line_1_34' title="bbox 265 3933 1338 4023; baseline 0.006 -26"><span class='ocrx_word' id='word_1_269' title='bbox 265 3933 320 3999; x_wconf 89' lang='lat' dir='ltr'>De</span> <span class='ocrx_word' id='word_1_270' title='bbox 342 3933 469 4001; x_wconf 91' lang='lat' dir='ltr'>ratione</span> <span class='ocrx_word' id='word_1_271' title='bbox 492 3958 571 4001; x_wconf 89' lang='lat' dir='ltr'>uero</span> <span class='ocrx_word' id='word_1_272' title='bbox 590 3934 757 4001; x_wconf 84' lang='lat' dir='ltr'>Falcidiae</span> <span class='ocrx_word' id='word_1_273' title='bbox 778 3934 922 3999; x_wconf 87' lang='lat' dir='ltr'>ineunda</span> <span class='ocrx_word' id='word_1_274' title='bbox 940 3935 1043 4001; x_wconf 85' lang='lat' dir='ltr'>facilis</span> <span class='ocrx_word' id='word_1_275' title='bbox 1065 3934 1189 4003; x_wconf 89' lang='lat' dir='ltr'>obtinet</span> <span class='ocrx_word' id='word_1_276' title='bbox 1208 3938 1338 4023; x_wconf 84' lang='lat' dir='ltr'>regula:</span> 
     </span>
    </p>
   </div>
   <div class='ocr_carea' id='block_1_6' title="bbox 263 4052 1422 4345">
    <p class='ocr_par' dir='ltr' id='par_1_6' title="bbox 263 4052 1422 4345">
     <span class='ocr_line' id='line_1_35' title="bbox 371 4052 1422 4143; baseline 0 -24"><span class='ocrx_word' id='word_1_277' title='bbox 371 4054 419 4130; x_wconf 78' lang='lat'>10,</span> <span class='ocrx_word' id='word_1_278' title='bbox 448 4054 609 4142; x_wconf 82' lang='lat' dir='ltr'>Legata</span> <span class='ocrx_word' id='word_1_279' title='bbox 634 4052 783 4141; x_wconf 90' lang='lat' dir='ltr'>primis</span> <span class='ocrx_word' id='word_1_280' title='bbox 812 4052 970 4120; x_wconf 91' lang='lat' dir='ltr'>tabulis</span> <span class='ocrx_word' id='word_1_281' title='bbox 1001 4056 1166 4143; x_wconf 90' lang='lat' dir='ltr'>scripta</span> <span class='ocrx_word' id='word_1_282' title='bbox 1195 4055 1422 4123; x_wconf 82' lang='lat' dir='ltr'>adhaerent</span> 
     </span>
     <span class='ocr_line' id='line_1_36' title="bbox 263 4152 1415 4245; baseline 0.003 -27"><span class='ocrx_word' id='word_1_283' title='bbox 263 4152 463 4240; x_wconf 87' lang='lat' dir='ltr'>portioni,</span> <span class='ocrx_word' id='word_1_284' title='bbox 481 4178 501 4221; x_wconf 90' lang='lat' dir='ltr'>a</span> <span class='ocrx_word' id='word_1_285' title='bbox 522 4178 602 4242; x_wconf 89' lang='lat' dir='ltr'>qua</span> <span class='ocrx_word' id='word_1_286' title='bbox 622 4156 780 4241; x_wconf 90' lang='lat' dir='ltr'>scripta</span> <span class='ocrx_word' id='word_1_287' title='bbox 802 4165 908 4235; x_wconf 87' lang='lat' dir='ltr'>sunt,</span> <span class='ocrx_word' id='word_1_288' title='bbox 930 4156 988 4223; x_wconf 89' lang='lat' dir='ltr'>ita</span> <span class='ocrx_word' id='word_1_289' title='bbox 1007 4167 1049 4223; x_wconf 92' lang='lat' dir='ltr'>ut</span> <span class='ocrx_word' id='word_1_290' title='bbox 1070 4157 1117 4224; x_wconf 88' lang='lat' dir='ltr'>ab</span> <span class='ocrx_word' id='word_1_291' title='bbox 1139 4167 1415 4245; x_wconf 90' lang='lat' dir='ltr'>eapraesten-</span> 
     </span>
     <span class='ocr_line' id='line_1_37' title="bbox 264 4255 1417 4345; baseline 0 -20"><span class='ocrx_word' id='word_1_292' title='bbox 264 4271 348 4334; x_wconf 88' lang='lat' dir='ltr'>tur,</span> <span class='ocrx_word' id='word_1_293' title='bbox 371 4255 559 4343; x_wconf 88' lang='lat' dir='ltr'>quisquis</span> <span class='ocrx_word' id='word_1_294' title='bbox 579 4256 711 4345; x_wconf 90' lang='lat' dir='ltr'>ipsam</span> <span class='ocrx_word' id='word_1_295' title='bbox 734 4257 1009 4343; x_wconf 81' lang='lat' dir='ltr'>acquisierit,</span> <span class='ocrx_word' id='word_1_296' title='bbox 1041 4257 1258 4327; x_wconf 90' lang='lat' dir='ltr'>dummodo</span> <span class='ocrx_word' id='word_1_297' title='bbox 1288 4258 1417 4329; x_wconf 86' lang='lat' dir='ltr'>here-</span> 
     </span>
    </p>
   </div>
   <div class='ocr_carea' id='block_1_7' title="bbox 0 0 1538 5117">
    <p class='ocr_par' dir='ltr' id='par_1_7' title="bbox 0 0 1538 5117">
     <span class='ocr_line' id='line_1_38' title="bbox 0 0 1538 5117; baseline 0 1"><span class='ocrx_word' id='word_1_298' title='bbox 0 0 1538 5117; x_wconf 95' lang='lat' dir='ltr'> </span> 
     </span>
    </p>
   </div>
  </div>
 </body>
</html>
