3067 5117
1227 417 1290 490 231

129 597 198 641 non
219 583 254 638 ut
276 569 421 638 assolent
443 593 502 657 per
531 571 686 655 ,‚quia“
715 572 774 637 sed
796 595 855 658 per
889 571 1143 658 „quamuis“
1166 568 1291 647 reddat,

131 698 196 761 quo
218 677 303 740 facto
326 672 451 758 logices
475 671 588 737 saltem
609 671 780 757 postulatis
801 673 999 739 satisfactum
1020 683 1080 738 est.

238 798 356 881 Longe
384 792 599 880 praestantius
631 806 785 879 egerunt,
822 794 878 879 qui
910 794 951 858 ad
982 816 1074 858 reum
1100 795 1202 860 uerba
1228 793 1290 859 ista

131 897 360 973 transferrent,
396 895 554 980 equibus
575 917 686 960 rursus
707 895 747 960 iis
770 889 1013 960 assentiendum
1040 917 1107 960 non
1137 907 1202 973 est,
1234 895 1289 979 qui

132 999 174 1062 de
196 998 349 1084 negatiua
368 997 434 1062 litis
465 996 699 1061 contestatione
720 996 785 1062 diei
815 1005 1005 1082 proponunt
1033 997 1122 1062 uelut
1150 997 1290 1060 Lindius

131 1101 156 1164 l.
177 1100 211 1175 l.,
234 1123 309 1164 nam
328 1098 429 1163 uerba
480 1098 620 1182 „quod
649 1104 907 1164 asseuerat“
942 1098 982 1163 ad
1006 1099 1154 1183 quamuis
1174 1097 1290 1184 procul

133 1201 233 1266 dubio
257 1201 470 1265 intentionem
491 1199 663 1286 pertinent.

238 1323 427 1388 Prouocant
466 1332 573 1387 autem
602 1321 697 1386 huius
727 1323 1001 1408 interpretationis
1031 1322 1220 1388 defensores
1250 1319 1292 1386 ad

133 1427 176 1489 L.
201 1425 248 1491 to.
276 1422 315 1488 C.
339 1422 380 1488 de
403 1445 472 1486 non
495 1446 583 1487 num.
606 1447 678 1508 pec.
706 1425 795 1504 (llll,
817 1425 902 1508 30.:J

217 1547 339 1609 „quum
373 1524 572 1602 inteream,
606 1523 661 1608 qui
690 1524 809 1590 lactum
844 1549 1035 1591 asseuerans
1074 1547 1157 1589 onus
1196 1523 1295 1588 subiit

213 1623 416 1711 probationis
446 1634 477 1690 et
508 1636 683 1710 negantem
720 1627 977 1691 numerationem
1018 1626 1123 1708 (cuius
1155 1625 1294 1690 naturali

213 1729 338 1794 ratione
360 1725 509 1812 probatio
532 1725 622 1790 nulla
641 1727 735 1811 estJ“
759 1739 832 1804 ete,

133 1832 191 1897 ubi
213 1830 327 1896 eadem
347 1829 414 1892 lere
435 1827 536 1892 uerba
558 1827 598 1892 de
622 1851 677 1892 reo
702 1829 819 1893 actoris
843 1830 1056 1894 assertionem
1078 1838 1219 1913 negante
1242 1825 1292 1890 le-

134 1944 265 2020 guntur.
311 1929 383 1997 'Sed
410 1929 540 2004 nescio,
566 1951 622 1992 cur
645 1929 758 1992 similis
783 1928 905 1994 locutio
930 1938 1049 2014 (neque
1073 1930 1159 1994 enirn
1180 1928 1294 1992 eadem

134 2035 238 2100 uerba
264 2032 354 2114 suntJ
384 2029 523 2094 similem
552 2029 682 2094 diuerso
712 2028 786 2094 loco
813 2031 1006 2095 sententiam
1037 2031 1207 2095 inuoluere
1236 2028 1294 2092 de·

134 2137 221 2201 beat.
273 2131 394 2214 Quoad
421 2141 526 2194 autem
554 2153 581 2195 c.
604 2133 652 2197 ll.
672 2131 719 2194 X.
751 2131 792 2196 de
821 2133 915 2217 prob.
944 2131 999 2196 ubi
1021 2155 1080 2216 pro
1116 2132 1295 2207 „factum

134 2234 366 2321 negantis“
389 2231 529 2317 legimus
551 2233 782 2317 „negantis
805 2233 1041 2297 taetumwet
1062 2233 1137 2297 uoci
1161 2254 1293 2316 „pro-

132 2335 283 2401 batio“
314 2333 423 2398 addita
453 2343 501 2396 est
526 2355 593 2396 uox
630 2334 873 2410 „directa,“
907 2357 956 2406 ea,
977 2334 1051 2419 lege
1081 2357 1148 2398 non
1174 2344 1295 2397 rectam

136 2446 269 2500 nostrae
287 2433 537 2518 explicationem
559 2433 744 2519 indigitari,
768 2435 826 2499 sed
846 2435 947 2500 falsae
969 2435 1129 2520 originem
1150 2434 1296 2500 exhiberi

138 2537 244 2601 audeo
268 2535 475 2600 contendere.

246 2657 316 2723 Cur
338 2680 417 2722 uero
440 2658 608 2723 meliorem
625 2659 720 2722 istam
741 2659 1042 2745 interpretationem
1070 2669 1101 2723 et
1118 2659 1223 2744 ipsam
1243 2682 1296 2723 re-

137 2761 247 2846 cipere
270 2759 382 2836 nolim,
403 2757 483 2823 haec
505 2771 553 2824 est
573 2759 672 2824 ratio:

241 2881 282 2945 L.
304 2883 354 2948 23.
386 2879 425 2946 O.
447 2881 487 2945 de
519 2881 613 2966 prob.
634 2882 796 2968 generalis
819 2905 952 2968 prorsus
979 2881 1095 2968 regula
1119 2882 1297 2949 inuoluitur

134 3006 241 3068 usquc
280 2982 321 3047 ad
342 2981 444 3046 uerba
476 3005 598 3066 „quum
625 3005 684 3068 per
719 3008 827 3050 rerum
862 2993 1030 3048 naturam“
1073 3007 1207 3070 prorsus
1240 3008 1298 3049 ex-

135 3108 261 3173 pressa.
320 3081 497 3147 Communi
535 3079 647 3149 autem
676 3084 809 3171 regulae
850 3085 877 3148 si
918 3107 1035 3150 caussa
1069 3085 1214 3162 additur,
1257 3085 1298 3149 ad

138 3209 253 3251 omnes
276 3209 347 3250 eam
368 3207 474 3261 casua,
498 3186 554 3269 qui
575 3188 707 3272 regulae
731 3187 867 3263 subsint,
898 3186 1067 3271 quadrare,
1091 3209 1225 3252 necesse
1240 3197 1298 3250 est.

135 3289 208 3352 Iam
237 3309 335 3362 uero,
371 3309 470 3370 quum
502 3310 674 3373 perperam
703 3289 845 3366 dicatur,
877 3289 925 3352 rei
948 3300 1057 3374 partes
1086 3311 1142 3352 eas
1171 3309 1300 3372 semper

139 3413 231 3466 esse,
262 3401 296 3453 ut
322 3388 441 3452 factum
465 3399 580 3473 neget,
620 3413 695 3454 nam
718 3389 909 3475 saepissime
934 3389 999 3454 iam
1025 3389 1065 3454 ab
1086 3389 1178 3454 initio
1201 3411 1298 3452 exce-

138 3490 252 3576 ptione
275 3489 395 3563 nititur,
418 3511 486 3553 non
507 3489 702 3575 negatione,
732 3491 924 3576 saepissime
953 3514 1019 3554 non
1042 3491 1161 3556 lactum
1189 3500 1299 3575 negat,

140 3591 201 3656 sed
228 3589 408 3676 simplicem
440 3592 672 3668 assertionem,
708 3591 955 3657 concedendum
983 3603 1049 3669 est,
1081 3614 1230 3658 caussam
1259 3591 1299 3655 ab

138 3692 389 3776 imperatoribus
412 3690 569 3758 adiectam
591 3715 658 3757 non
677 3692 822 3778 undique
844 3716 913 3758 rem
941 3692 1112 3758 illustrare.
1151 3692 1299 3769 Accedit,

140 3794 231 3879 quod
250 3791 428 3879 praemissa
448 3791 564 3879 legens
588 3793 735 3879 quisquis
757 3804 923 3881 exspectat
951 3817 1116 3871 caussam,
1153 3816 1235 3878 quae
1258 3792 1300 3858 ad

139 3906 301 3971 actorem,
337 3894 477 3980 probare
513 3918 548 3960 se
586 3917 653 3959 non
684 3917 783 3980 posse
805 3896 1027 3980 profitentem,
1061 3918 1129 3967 non
1151 3917 1234 3979 quae
1258 3895 1300 3960 ad

138 4019 250 4071 reum,
273 3994 398 4079 dequo
421 3995 502 4059 nihil
524 4018 640 4060 reuera
660 3995 795 4071 dicitur,
829 3996 893 4060 nisi
913 3996 1001 4080 quod
1022 3996 1212 4082 probatione
1232 4019 1300 4060 non

137 4095 371 4182 adstringitur,
401 4106 536 4182 propter
557 4096 756 4162 debilitatem
777 4097 912 4175 actoris,
941 4097 1111 4183 pertineat.
1152 4097 1228 4164 Alia
1248 4122 1300 4164 ar·

141 4208 298 4286 gumenta
319 4198 413 4264 affert
433 4199 670 4264 KLOETzEnvs
692 4220 724 4283 p.
745 4199 807 4264 49..

249 4323 362 4406 Itaque
392 4321 702 4408 interpretationem,
736 4344 819 4405 quae
848 4320 953 4408 primo
984 4320 1097 4386 obtutu
1125 4321 1300 4408 aliquando
