3067 5117
232 421 239 433 '
298 438 360 507 tlt

301 586 386 653 inter
406 586 508 653 uerba
529 587 860 666 „committatur“
882 597 914 653 et
933 584 1268 673 „interponenda
1288 584 1375 665 sit,“
1396 608 1456 653 non
1531 560 1532 585 Χ

303 688 387 754 inter
404 710 505 755 uoces
528 688 673 767 „soli“
694 700 726 755 et
749 686 1007 766 „omuibus“
1043 688 1284 774 oppositionem
1300 688 1456 757 inducere
1531 692 1532 719 ³

304 788 450 855 uoluisee
471 790 665 857 Vuruuvrr
684 786 985 871 contenderant)

406 890 561 977 Denique
582 889 683 975 igitur
696 888 780 955 hanc
792 889 860 957 lere
872 889 955 955 eruit
966 888 1175 955 sententiam:
1198 889 1258 967 „Si
1268 888 1379 977 plures
1392 901 1458 955 sunt
1531 874 1532 959 i

306 990 486 1069 substituti,
506 993 690 1059 Vurrauvs
711 990 807 1067 dicit,
840 989 965 1055 nullum
987 1010 1100 1057 eorum
1120 988 1204 1055 ultra
1222 989 1275 1069 id,
1298 990 1387 1075 quod
1408 1013 1457 1056 ac·

307 1090 439 1179 ceperit,
460 1091 570 1178 legata
591 1102 757 1178 praestare
778 1090 915 1169 debere,
939 1090 1120 1158 Falcidiam
1141 1102 1249 1157 tumen
1271 1092 1373 1157 semel
1393 1102 1458 1157 tan-

305 1202 374 1257 tum
393 1212 436 1257 ex
455 1190 508 1269 iis,
529 1216 613 1278 quac
633 1203 726 1279 pater
738 1192 916 1279 reliquerit,
938 1192 1061 1271 induci,
1084 1193 1195 1279 itaque
1214 1192 1364 1279 singulos
1385 1192 1457 1259 sub-

306 1291 434 1358 stitutos
457 1316 499 1359 ex
521 1317 581 1361 sua
600 1294 751 1381 portione
772 1305 918 1379 quartam
935 1292 1103 1361 detrahere
1126 1315 1194 1359 nou
1214 1316 1323 1381 posse·
1376 1294 1457 1359 Hinc

306 1393 483 1479 consequi,
515 1404 551 1459 ut
582 1394 611 1459 si
646 1394 857 1481 stipulatione
891 1404 1034 1481 „quanto
1056 1394 1218 1481 amplius“
1252 1418 1337 1481 opus
1358 1395 1456 1471 fuerit,

305 1516 374 1559 non
395 1495 534 1581 singulis
558 1495 699 1561 oneratis
721 1497 781 1563 sed
799 1498 950 1563 omuibus
972 1496 1147 1563 heredibus
1170 1518 1209 1561 ea
1228 1495 1458 1582 interponatur,
1531 1560 1532 1583 ,

305 1594 414 1679 itaque
433 1597 462 1661 si
483 1597 610 1683 utrique
632 1597 805 1664 substituto
822 1598 931 1685 legata
952 1597 1071 1663 luerint
1090 1597 1253 1683 imposita,
1276 1620 1362 1682 quae
1384 1620 1457 1663 eon·
1531 1618 1532 1649 1

303 1695 414 1763 iuncta
434 1696 626 1763 dodrantem
648 1696 836 1764 hereditatis
864 1708 1018 1783 paternae
1052 1699 1227 1775 excedant,
1261 1698 1360 1763 ambo
1395 1698 1457 1763 suis
1531 1704 1532 1719 ¹

304 1794 469 1882 legatariis
499 1797 680 1865 coniunctis
701 1811 848 1884 quartam
871 1798 1058 1878 detrahere,
1081 1809 1113 1865 et
1135 1799 1267 1865 euenire
1288 1822 1406 1887 posse,
1426 1811 1458 1863 ut

304 1896 333 1962 is
355 1897 564 1978 substitutus,
582 1899 640 1986 qui
655 1924 734 1966 auae
756 1902 917 1987 portionis
939 1912 1085 1986 quartam
1106 1900 1272 1978 habuerit,
1286 1913 1459 1987 ‘praeterea
1531 1910 1532 1991 ]

304 1997 428 2084 aliquid
448 2000 604 2087 accipiat,
638 2001 715 2067 dum
736 2003 818 2067 alter
840 2002 930 2067 cuius
953 2002 1061 2086 portic
1084 2001 1241 2069 exhausta
1270 2003 1383 2081 luerit,
1419 2026 1456 2067 ne
1531 1992 1532 2007 ¹

303 2109 450 2184 quartam
468 2101 600 2186 quidem
622 2104 692 2168 eius
710 2105 881 2169 retineat.“
894 2105 961 2181 ¹²⁹)

407 2203 482 2279 Me,
500 2204 675 2287 quominus
697 2208 882 2271 Hvscfflm
904 2205 1093 2291 opinionem
1114 2216 1256 2272 ceterum
1276 2204 1409 2291 planam
1429 2216 1457 2269 et

300 2302 368 2368 loci
387 2303 493 2368 tenori
513 2304 590 2368 satis
611 2302 887 2373 accommodatam
921 2318 1023 2373 rutam
1055 2306 1176 2373 habere
1210 2328 1363 2393 possem,
1396 2308 1456 2371 hoc

301 2404 477 2491 praecipue
497 2404 663 2491 impediit,
687 2407 778 2492 quod
798 2406 981 2493 intelligere
1002 2430 1148 2493 nequeo,
1169 2430 1227 2473 our
1250 2408 1386 2473 omuino
1407 2408 1457 2471 hic
1531 2406 1532 2477 ἶ

299 2626 499 2643 m

337 2788 402 2855 ¹²⁸)
422 2791 570 2855 Perperam
592 2791 806 2841 Vauorncrrvs
824 2804 850 2855 p.
900 2790 991 2853 legata
1015 2805 1081 2841 uero
1113 2789 1215 2842 CCCL.
1246 2789 1383 2839 excedant
1410 2790 1455 2837 do·
1531 2838 1532 2853 q

298 2882 358 2937 257.
378 2900 405 2934 n.
424 2882 466 2936 tc.
491 2885 645 2933 Hvscmuo
667 2882 783 2932 obiicere
811 2882 850 2931 ui·
901 2882 1043 2945 drentem,
1093 2883 1143 2932 sed
1182 2881 1360 2933 nihilominus
1394 2886 1456 2931 aute

300 2977 386 3039 detur,
406 2977 483 3039 quod
506 2975 697 3025 emendatione
715 2976 762 3023 illa
781 2974 851 3023 sacta
900 2974 1085 3025 conditionem
1111 2972 1274 3024 existentem
1298 2972 1391 3022 solida
1411 2975 1455 3021 de-

298 3069 374 3119 notio
384 3067 461 3118 uerbi
476 3066 728 3130 „committere“
737 3066 852 3117 inferior
899 3066 1028 3129 beantur,
1064 3072 1178 3131 uterque
1209 3067 1263 3115 iam
1293 3064 1455 3114 substitutus
1531 3054 1532 3115 l

298 3174 360 3209 esso
377 3159 502 3210 uideatur
513 3158 619 3208 notioni
629 3158 706 3208 uerbi
724 3160 850 3221 ‚iutu-
900 3163 1013 3222 propter
1030 3158 1069 3207 L.
1091 3159 1164 3207 iusto
1191 3159 1253 3221 plus
1279 3157 1374 3205 soluta
1395 3170 1455 3205 cau·
1531 3190 1532 3223 q

296 3250 469 3316 ponere;“
502 3250 612 3300 Reuera
642 3251 712 3302 cuim
737 3268 774 3305 ex
792 3261 851 3307 tota
900 3250 1004 3303 tionem
1022 3256 1117 3314 potest
1135 3262 1170 3299 ex
1191 3247 1299 3298 dimidia
1316 3255 1456 3311 parteex·

295 3344 442 3393 Hvsennn
471 3341 696 3403 interpretatione
728 3354 850 3411 apparet,
899 3342 981 3403 igere.
1015 3342 1184 3393 Porarunvs
1203 3340 1313 3401 XXXV,
1334 3339 1362 3392 2.
1383 3356 1456 3391 num.

295 3433 584 3483 hoclocovuruurrr
603 3432 849 3499 interpositio·
901 3432 943 3485 68.
968 3440 1026 3483 not.
1049 3448 1084 3486 m.
1108 3448 1135 3496 p.
1155 3432 1214 3485 514.
1247 3434 1340 3497 quoad
1366 3440 1456 3483 cetera

295 3539 372 3573 uem
390 3523 574 3587 stipulationis
592 3525 728 3587 potiorem
748 3529 848 3579 habere
898 3525 967 3575 haee
985 3527 1080 3575 eadem
1091 3529 1154 3577 ante
1167 3524 1329 3587 proposuit,
1348 3530 1454 3575 atuero

295 3615 430 3677 debuisse,
448 3630 510 3665 nam
528 3618 698 3667 committi
716 3620 848 3685 stipulati·
898 3626 956 3663 ¹¹0¹!
973 3610 1159 3676 ‚‚'eueniet“
1186 3616 1259 3679 legii,
1278 3617 1327 3665 sed
1348 3630 1453 3681 „eue-

294 3722 375 3759 onem
385 3707 545 3772 substitutio,
561 3710 662 3758 dudum
672 3719 846 3774 exposuerat.
897 3704 1005 3755 niret“
1026 3707 1314 3771 etVnruuvrripaum
1336 3708 1394 3759 hoe
1414 3724 1454 3757 ra·

330 3796 395 3862 ¹²⁹)
414 3800 578 3863 Exemplum
596 3798 678 3850 liceat
695 3816 844 3867 apponere,
895 3800 1034 3851 tiociniuur
1050 3800 1119 3851 dixit
1134 3800 1269 3863 reiecisse,
1288 3799 1454 3863 quasiquod

291 3893 366 3955 quod
379 3894 549 3944 Hvscrmvs
570 3892 629 3956 ipso
647 3893 739 3945 linxit:
757 3897 843 3946 Here·
893 3906 1036 3955 perperam
1075 3906 1111 3943 ex
1156 3892 1227 3943 falsa
1260 3892 1453 3955 propositione
1531 3878 1532 3907 ³

291 3983 360 4032 ditas
380 3989 423 4032 est
438 3985 553 4048 DCCC,
574 3999 622 4035 aes
643 3985 777 4049 alienum,
797 4004 841 4037 cu·
893 3989 1126 4049 consequeretur:
1163 3990 1191 4035 et
1227 3983 1300 4033 hunc
1338 3998 1453 4033 sensnm
1531 3998 1532 4042 t

288 4074 332 4125 ins
350 4078 473 4127 noudum
482 4076 602 4127 conditio
615 4077 720 4126 exstitit
730 4078 841 4131 CCCC„
893 4088 955 4127 esse
972 4074 1137 4138 uerborum,
1170 4088 1239 4138 quae
1262 4080 1291 4123 et
1308 4074 1370 4137 ipae
1391 4089 1452 4138 per·

288 4166 456 4218 Substitutua
473 4168 562 4219 Titius
580 4168 735 4233 debetCO.,
756 4170 840 4225 Gaius
890 4180 984 4229 peram
1010 4166 1135 4219 retinuit:
1162 4166 1325 4230 „Falcidiam
1358 4166 1451 4217 locum

285 4260 349 4310 CL..
383 4260 441 4310 Iam
469 4274 553 4324 quum
569 4259 690 4310 Falcidia
704 4260 839 4309 heredita·
891 4257 1010 4309 habere“
1028 4264 1088 4309 eta.

282 4354 317 4406 tie
357 4352 450 4401 soluto
491 4357 555 4401 aere
593 4350 684 4399 alieno
727 4348 763 4399 sit
800 4348 839 4413 (t,
