3067 5117
200 395 331 465 ,Μ

266 545 382 633 pupilli
403 546 581 615 hereditate
600 550 797 634 praestanda
817 572 889 617 esse
909 551 1018 639 legata
1039 550 1192 619 secundis
1224 552 1342 619 tabulis
1373 577 1425 621 re.

264 647 342 715 licta
361 647 472 715 habita
489 648 615 715 ratione
635 650 813 717 Falcidiae.
825 656 894 734 Η4)

369 767 448 833 Mea
467 769 627 834 sententia
645 769 718 834 talis
738 769 971 856 interpretatio,
1004 782 1164 859 quotquot
1186 773 1349 839 inuenerit
1368 774 1425 839 de·
1529 758 1530 765 ἶ

264 870 432 946 tenentes,
453 868 606 935 iuris·uel
628 892 759 935 omnem
781 872 941 938 rationem
961 874 1147 961 impugnat,
1175 896 1282 961 neque
1302 875 1427 940 moueri

265 992 402 1057 possum
422 972 628 1055 quantumuis
650 971 862 1059 sagacissima
880 974 1064 1039 Hvscrrun
1084 998 1117 1061 p.
1138 975 1189 1042 84.
1211 974 1427 1061 expositione,
1529 976 1530 1037 i

267 1082 305 1137 ut
326 1082 429 1137 ratum
451 1094 524 1137 eam
545 1070 694 1137 habeam.
750 1073 841 1138 Nihil
875 1074 962 1139 euim
983 1076 1202 1142 Psrmsuvs
1226 1076 1267 1140 de
1290 1098 1330 1143 eo
1353 1069 1429 1141 dicit
1529 1080 1530 1083 ’

267 1197 356 1251 cusu,
378 1174 407 1239 si
428 1173 568 1260 spatium
586 1172 790 1239 deliberandi
812 1184 843 1239 et
862 1196 922 1259 per
941 1174 1004 1241 hoc
1025 1177 1075 1241 ius
1098 1176 1282 1243 abstinendi
1303 1176 1346 1241 ad
1364 1176 1428 1241 fra-

266 1288 348 1343 trem
369 1273 576 1340 substitutum
595 1273 692 1339 fuerit
712 1274 920 1350 deuolutum‚
933 1276 1004 1360 ¹¹⁵)
1027 1276 1084 1341 scd
1108 1299 1242 1363 prorsus
1265 1277 1429 1363 generali·

267 1388 316 1443 ter
335 1397 531 1463 responsum
552 1396 646 1439 suum
668 1374 735 1440 edit
755 1374 865 1461 itaque
886 1376 982 1441 etiam
1007 1400 1079 1443 eam
1107 1377 1332 1465 complectitur
1355 1401 1428 1463 spe-

267 1479 367 1555 ciem,
403 1478 431 1541 si
451 1476 595 1563 pupillus
616 1498 694 1541 uere
716 1475 832 1541 adierit
857 1478 958 1563 patris
991 1478 1221 1557 hereditatem,
1254 1502 1318 1564 quo
1354 1502 1430 1544 casu

268 1584 309 1647 de
346 1580 552 1667 separatione
581 1578 714 1643 alrutre
751 1577 902 1644 iacienda
932 1578 997 1643 dici
1028 1579 1158 1664 nequit,
1197 1580 1256 1645 sed
1292 1579 1320 1644 si
1353 1580 1430 1665 quid

266 1683 420 1759 omnino,
441 1680 505 1746 hoc
525 1679 556 1744 ei
576 1689 685 1765 potest
705 1679 862 1756 concedi,
885 1690 1052 1747 utcontra
1073 1689 1194 1747 tutores
1216 1681 1346 1748 actione
1368 1702 1429 1768 pu-

266 1785 337 1875 pilli
357 1784 552 1873 erperiatur.
564 1782 633 1867 Η0)

368 1908 475 1973 Porro
497 1925 576 1968 uero
597 1899 772 1988 praestatio
794 1902 976 1987 legatorum
992 1924 1033 1967 ex
1047 1902 1143 1967 bonis
1163 1900 1281 1989 pupilli
1304 1901 1429 1966 aduen-

266 2009 350 2079 ticiis
370 2019 539 2096 tantopere
561 2026 691 2069 omnem
710 2002 752 2067 de
773 2001 824 2066 his
845 2000 943 2067 rebus
964 2000 1226 2088 doctrinam¹¹⁷)
1248 2002 1429 2088 impugnet,

267 2124 301 2179 ut
330 2112 427 2177 huius
460 2108 595 2195 regulae
628 2104 856 2191 exceptionem
888 2124 930 2168 ne
962 2102 1026 2169 hoc
1057 2103 1189 2189 quidem
1216 2103 1291 2169 loco
1312 2103 1430 2170 iactam

266 2238 340 2281 esse
363 2210 534 2299 probabile
555 2210 607 2273 sit.
659 2205 814 2282 Accedit,
848 2204 938 2291 quod
966 2204 1099 2269 omnino
1119 2204 1255 2271 nimium
1273 2216 1430 2291 quantum

265 2318 419 2401 languet,
452 2310 511 2378 ubi
533 2310 575 2376 de
595 2318 683 2375 certo
705 2306 848 2392 quodam
868 2328 946 2371 casu
969 2306 1139 2393 proposito
1163 2306 1286 2393 egitur,
1321 2330 1430 2393 neque
1529 2302 1530 2363 ὲ

264 2434 344 2483 uero
366 2414 445 2479 iuris
464 2412 607 2479 rationes
622 2408 792 2485 incusum,
817 2408 873 2493 qui
886 2407 958 2474 fieri
978 2415 1135 2493 potest,
1159 2406 1366 2486 exhibentur,
1388 2408 1429 2472 de
1529 2424 1530 2433 ³

266 2516 457 2584 aduenticiis
479 2515 586 2580 statim
607 2510 724 2599 pupilli
751 2510 848 2575 bonis
870 2508 1026 2596 cogitari,
1060 2532 1143 2594 quae
1177 2509 1265 2574 unde
1284 2508 1429 2575 aduene-

264 2620 345 2696 rint,
372 2617 430 2681 uix
457 2614 658 2701 intelligitur.
716 2610 912 2676 Immolete
941 2632 1070 2695 semper
1093 2610 1193 2696 patris
1213 2608 1429 2676 hereditatem
1529 2626 1530 2643 ³

265 2721 362 2787 etiam
382 2714 500 2805 pupilli
518 2714 730 2782 hereditatem
761 2713 832 2776 lore
868 2710 1048 2797 putandum
1081 2722 1150 2789 est,
1186 2721 1218 2778 et
1239 2710 1303 2775 nisi
1331 2713 1427 2778 certis
1529 2760 1530 2815 ἢ

265 2821 374 2888 uerbis
397 2842 504 2887 sermo
527 2818 568 2883 de
585 2815 657 2882 aliis
678 2814 735 2878 fiat
749 2812 846 2877 bonis
871 2810 1006 2897 pupilli,
1037 2813 1134 2878 etiam
1154 2811 1244 2877 nulla
1266 2813 1428 2879 exstitisse
1529 2866 1530 2901 ,

263 2922 472 2991 uerisimilius
496 2930 553 2987 est.
604 2918 718 3002 Itaque
750 2912 846 2978 etiam
878 2912 912 2976 in
944 2922 1056 2979 nostra
1087 2912 1162 2999 lege
1182 2912 1224 2978 de
1244 2912 1343 2981 bonis
1367 2936 1428 3003 pu·

263 3025 334 3114 pilli
356 3022 547 3091 aduenticiis
569 3020 800 3086 PAPIMANVM
818 3036 886 3079 non
909 3015 1091 3101 cogitasse,
1125 3024 1180 3080 aut
1201 3028 1287 3086 certe
1305 3021 1428 3087 nullius

264 3152 304 3195 ea
321 3125 478 3192 momenti
499 3121 652 3188 habuisse
671 3117 852 3205 putandum
875 3124 933 3181 est.

307 3265 310 3271 ·
367 3243 803 3321 Atuero,siPsP1u1su1,
832 3236 949 3324 quibus
972 3236 1172 3305 decisionem
1195 3264 1287 3309 susm
1305 3246 1428 3310 confir·
1529 3232 1530 3311 l

261 3361 348 3427 mat,
382 3355 574 3432 arguments
612 3342 841 3429 inspiciamus:
884 3340 1122 3425 „propositum
1141 3353 1219 3408 est“
1253 3356 1333 3422 ete,
1377 3340 1457 3410 iu.'
1529 3404 1530 3415 ,

260 3448 482 3518 reconsultum
512 3460 623 3511 rursus
645 3444 680 3509 id
699 3442 921 3528 maximopere
957 3441 1109 3510 laudasse
1138 3446 1286 3514 uidemus
1293 3494 1303 3525 ‚
1337 3448 1428 3533 quod
1529 3472 1530 3525 p

264 3665 465 3687 ..u—s-—h—-dfid

298 3826 364 3898 ¹¹⁴)
390 3828 550 3881 Govnssvs
578 3836 605 3889 p.
627 3822 707 3889 tau,
740 3825 813 3877 Onn-
905 3819 969 3887 1Η)
1004 3826 1066 3877 Huc
1094 3826 1184 3875 solum
1210 3825 1350 3889 pertinent
1372 3825 1428 3875 loci

260 3934 322 3973 ειη
342 3922 373 3971 Ι..
389 3920 413 3971 1.
438 3928 462 3969 c.
487 3916 538 3982 15,
562 3918 708 3982 praecipue
726 3935 753 3982 p.
773 3916 815 3969 77.
866 3922 944 3972 uelut
983 3920 1014 3969 1..
1034 3914 1058 3967 7.
1085 3916 1107 3977 t.
1129 3914 1152 3965 l.
1180 3916 1299 3981 descq.
1322 3923 1350 3967 et
1372 3930 1425 3967 om.
1529 3912 1530 3969 l

260 4030 351 4079 seqq„
370 4016 627 4066 Wunrrnomusrrs
645 4010 719 4061 ΒΔ.
741 4026 768 4074 p.
783 4007 816 4073 7.,
869 4020 897 4063 et
913 4010 1059 4077 praecipue
1078 4009 1108 4058 Ι..
1127 4006 1169 4059 te.
1188 4008 1218 4059 O.
1245 4011 1279 4059 ds
1297 4010 1356 4059 iure
1379 4011 1427 4059 de·

258 4103 294 4153 A.
313 4103 346 4154 G.
370 4116 397 4166 p.
415 4101 485 4166 3¹9..
520 4104 671 4153 Lonntvs
695 4115 722 4167 p.
747 4100 817 4165 336,
868 4105 914 4155 lib.
938 4100 1080 4168 (V1‚³d.).

257 4197 425 4246 Hvscmnvs
457 4211 484 4259 p.
508 4192 561 4255 8³,
598 4196 812 4247 Vsucnnovrvs
905 4193 971 4259 ¹¹⁸)
990 4194 1060 4245 Nou.
1079 4193 1102 4243 1.
1121 4206 1145 4245 c.
1164 4194 1231 4245 1111.
1246 4195 1270 4256 ᾖ.
1291 4192 1315 4245 l.

259 4288 302 4336 ed.
318 4287 368 4337 VI.
386 4300 414 4349 p.
434 4283 505 4341 214..
906 4282 972 4349 ¹¹³)
992 4285 1033 4335 cf.
1053 4292 1137 4349 tupts
1152 4292 1210 4349 esp.
1228 4284 1266 4335 11.
1285 4282 1311 4351 h.
1330 4282 1364 4335 3..
