3067 5117
1227 401 1289 468 243

124 549 202 616 dum
225 548 465 629 aedifieauerit,
487 563 557 619 rata
578 553 618 618 sit
637 551 773 620 intentio
796 551 984 641 proposita,
1005 549 1032 613 si
1056 550 1129 634 quis
1155 548 1197 615 de
1216 550 1285 616 iure

123 675 183 718 suo
207 652 324 719 certior
344 651 414 718 fieri
436 654 525 719 uelit.
576 656 676 738 Quod
707 656 734 719 si
758 654 969 728 factumest,
1000 674 1107 736 neque
1128 673 1204 716 reus
1226 651 1284 716 de·

119 753 240 830 lendit,
264 755 381 820 actoris
409 756 578 843 possessio
609 757 827 830 confirmatur,
853 766 885 820 et
912 754 1081 820 cautiones
1112 751 1286 838 exiguntur

119 854 159 920 ab
191 855 399 935 aduersario,
434 881 476 923 ne
498 858 589 944 prius
623 858 701 922 uelit
736 856 930 934 aedificare,
954 879 1051 941 quam
1075 851 1207 938 egisset,
1232 851 1283 916 ius

122 956 185 1024 sibi
205 980 278 1023 esse
301 957 396 1022 altius
419 959 544 1025 tollere.
585 961 678 1024 Haec
699 981 777 1024 uero
799 958 954 1022 intentio:

271 1075 577 1128 sr.Pn1tsr.1vs
602 1075 1279 1127 .M1111.sssu.nLr1vsmeasse,

270 1171 486 1226 ruv1r0.n⁰
511 1167 582 1229 .u⁰
609 1211 638 1228 .-

114 1284 226 1326 rursus
246 1260 455 1327 fundamento
478 1265 589 1330 nititur
610 1265 662 1330 uel
683 1264 764 1329 hoe:
788 1310 808 1340 „
822 1285 842 1347 q
855 1260 925 1325 uia
945 1259 1140 1326 dominus
1161 1271 1279 1326 sum“

115 1363 187 1428 uel:
210 1363 339 1448 „quia
360 1365 617 1430 seruitutem
639 1365 772 1432 habeo
798 1363 925 1430 altius
947 1361 1176 1438 tollendi,“
1198 1385 1281 1447 quo-

111 1489 183 1530 rum
204 1465 232 1530 si
249 1463 338 1552 prius
360 1465 559 1550 probauerit,
581 1489 655 1532 reus
679 1466 831 1552 probabit
851 1463 1039 1530 seruitutem
1057 1463 1277 1540 constitutam,

119 1565 147 1630 si
170 1565 343 1651 posterius,
371 1565 434 1630 elia
449 1567 563 1651 queuis
588 1569 780 1653 exceptione
802 1567 861 1632 niti
882 1565 1010 1652 poterit.
1053 1563 1207 1630 Ceterum
1229 1565 1281 1630 in-

117 1666 289 1731 commoda
316 1666 505 1732 indefensus
538 1667 624 1734 subit
647 1669 886 1754 propemodum
908 1666 1041 1743 eadem,
1072 1687 1155 1750 quae
1177 1665 1218 1730 ad
1237 1665 1278 1730 L.
1316 1657 1319 1661 ⁵

115 1769 165 1834 45.
190 1767 230 1832 de
256 1767 363 1832 damn.
384 1769 441 1833 inf.
465 1769 687 1854 exposuimus.

215 1869 254 1934 In
277 1869 385 1934 media
406 1869 524 1934 deinde
546 1869 629 1956 legis
658 1879 788 1935 nostrae
811 1880 901 1956 parte
926 1891 978 1934 res
1002 1868 1220 1943 conuertitur,
1244 1877 1296 1934 et‘

120 1969 195 2035 uice
217 1993 313 2036 uersu
335 1971 425 2054 prior
444 1972 527 2036 ectio
548 1969 631 2036 hunc
654 1981 720 2036 est:

270 2089 301 2134 sl
326 2117 333 2134 .
357 2089 471 2135 ensem
495 2117 502 2134 .
524 2089 606 2135 mnu
629 2091 716 2137 .1vs
739 2117 747 2134 .
766 2087 849 2136 essu
872 2116 880 2133 .
903 2087 1246 2138 erlvs.TOLLuu1>1
1269 2120 1277 2139 .

268 2189 393 2236 inviro
421 2183 489 2237 .u⁰
514 2219 523 2235 .
548 2183 588 2237 u⁰
614 2220 621 2237 .

114 2272 342 2338 Fundamenta
363 2283 437 2337 sunt
459 2275 583 2352 eadem,
608 2297 691 2362 quae
711 2283 817 2351 antea,
839 2273 892 2338 uel
916 2273 1107 2351 dominium,
1132 2273 1186 2340 uel
1208 2298 1277 2341 ser-

115 2375 201 2440 uitus
224 2374 342 2440 debite.
383 2375 484 2440 Recte
507 2377 593 2440 enim
618 2376 770 2442 dominus
798 2375 838 2441 ab
869 2375 962 2440 initio
985 2375 1093 2440 statim
1114 2374 1159 2439 ita
1180 2398 1278 2462 agere

115 2476 252 2562 poterit,
286 2474 313 2538 si
335 2475 452 2540 certior
473 2477 545 2542 fieri
575 2477 669 2555 uelit,
701 2501 780 2541 num
802 2476 919 2542 debeat
945 2477 1054 2543 uicino
1080 2477 1277 2544 seruitutem.

115 2579 159 2643 At
183 2599 262 2641 uero
291 2575 354 2640 hoc
386 2600 463 2641 casu
494 2579 640 2662 petitoris
672 2589 703 2644 et
730 2579 933 2664 possessoris
963 2588 1071 2663 partes
1095 2578 1278 2660 discedunt,

115 2702 193 2743 nam
214 2699 288 2742 reus
313 2688 361 2743 est
383 2699 566 2764 possessor.
592 2679 660 2763 Qui
679 2678 707 2742 si
729 2702 797 2743 non
819 2679 981 2757 defendat,
1004 2680 1168 2764 possessio
1190 2692 1277 2746 tran-

117 2780 159 2844 sit
181 2779 222 2844 ed
245 2790 404 2853 actorem,
434 2779 488 2863 qui
512 2802 599 2844 nune
622 2791 739 2844 statum
760 2780 961 2845 obtinentem
982 2791 1091 2865 potest
1111 2782 1194 2846 tueri
1215 2781 1278 2848 hoc

117 2892 183 2958 est,
208 2904 268 2946 neo
290 2879 398 2966 operis
421 2880 500 2943 n'oui
522 2879 724 2946 nuntiatione
746 2904 808 2946 nee
839 2881 873 2944 ui
894 2883 996 2956 lacte,
1027 2883 1200 2965 quominus
1222 2905 1278 2947 ae-

117 2983 239 3057 dificet,
262 2993 348 3046 recte
369 2979 535 3066 prohiberi
558 2981 687 3066 poterit.

221 3087 265 3148 ldt
286 3083 336 3148 his
359 3085 563 3148 Arareauvs
591 3083 624 3145 in
646 3083 711 3148 fine
740 3084 881 3150 adnectit
901 3086 1089 3171 generalem
1112 3085 1277 3169 quendam
1347 3133 1352 3141 ·

115 3186 281 3272 regulam,
321 3183 407 3248 unde
443 3183 623 3248 libertatem
657 3207 675 3247 a
704 3185 858 3250 seruitute
889 3186 923 3250 in
951 3186 1120 3272 negatoria
1150 3188 1278 3252 actione

118 3286 322 3373 probandam
345 3307 435 3360 esse,
473 3285 566 3348 multi
592 3284 654 3351 sibi
681 3299 929 3372 persuaserunt,
960 3287 1005 3352 ita
1027 3286 1277 3354 concludentes:

225 3387 285 3463 „Si
311 3385 443 3471 punitur
464 3386 536 3470 quis
562 3409 618 3462 eo,
650 3387 737 3471 quod
766 3387 807 3452 de
835 3388 905 3453 iure
927 3410 986 3454 suo
1009 3387 1149 3473 probare
1170 3389 1278 3466 debet,

120 3489 184 3554 nisi
204 3487 337 3574 punitus
361 3497 457 3561 esset,
481 3487 522 3550 de
545 3486 614 3551 iure
638 3509 696 3550 suo
721 3489 860 3572 probare
880 3512 947 3552 non
968 3488 1150 3554 debuisset:
1171 3490 1280 3575 itaque

122 3589 310 3676 negatoriae
333 3587 469 3677 aetionis
489 3598 639 3673 respectu
663 3587 785 3666 habito,
808 3601 876 3653 turn
897 3590 1043 3665 deinum,
1065 3591 1120 3674 qui
1141 3591 1279 3655 seruitu-

119 3704 185 3757 tem
210 3699 348 3764 exercet,
371 3698 484 3752 contra-
506 3688 674 3753 dominum
703 3702 878 3776 negantem
899 3690 1038 3774 probare
1061 3691 1212 3772 debebit,
1244 3715 1279 3756 se

120 3793 308 3857 seruitutem
332 3789 472 3866 habere,
505 3788 533 3854 si
558 3813 626 3854 rem
647 3813 714 3854 non
737 3790 936 3868 defenderit,
965 3792 1045 3857 alias
1074 3792 1192 3858 actoris
1218 3792 1280 3857 do-

119 3892 202 3957 mini
225 3892 295 3966 erit,
324 3889 481 3975 probare,
510 3913 545 3954 se
573 3892 760 3957 seruitutem
791 3916 858 3957 non
879 3892 1032 3958 debere.“
1081 3894 1175 3958 Haec
1201 3915 1280 3958 uero

121 3992 308 4068 conclusio,
344 3992 371 4056 si
403 4002 492 4056 reeta
521 4004 623 4070 esset,
659 3994 858 4060 Sorrwnrrrr
886 3995 1014 4080 potius,
1044 4018 1141 4080 quam
1168 4016 1282 4060 eorum

122 4092 302 4160 sententiae
339 4093 494 4158 accedere
534 4093 744 4171 deberemus,
785 4095 840 4180 qui
876 4095 1117 4162 distinctionem
1149 4095 1282 4173 faciunt,

120 4207 229 4260 utrum
258 4193 330 4279 quis
360 4195 393 4259 in
419 4194 630 4281 possessione
659 4195 717 4274 sit,
748 4219 808 4260 nec
832 4220 884 4262 ne.
930 4199 974 4262 At
1002 4221 1081 4264 uero
1110 4207 1178 4261 tota
1201 4196 1282 4261 haec

122 4295 291 4364 conclusio
312 4295 395 4362 falsa
414 4307 479 4374 cst,
510 4297 658 4381 quamuis
688 4297 886 4363 Losflmvu
906 4369 912 4384 ¹
929 4308 962 4384 p.
991 4301 1061 4366 511.
1099 4296 1281 4373 adduxerit,
