3067 5117
290 365 349 434 tat

287 513 458 582 fossoriam
486 525 518 580 et
547 514 749 600 negatoriam
777 536 877 600 supra
896 513 1085 580 indubitatis
1106 514 1217 601 legum
1238 514 1433 580 documentis

287 615 455 682 euicimus.
494 616 564 682 Iam
584 637 663 682 uero
685 617 719 681 in
739 616 890 703 Digestis
911 616 1028 680 nullibi
1051 616 1236 702 exemplum
1258 615 1436 680 inuenimus
1487 633 1491 640 ·

287 716 426 802 duplicis
447 716 583 782 actionis
604 718 812 802 negatoriae,
847 718 952 804 qualis
978 718 1163 803 possessori
1191 728 1223 783 et
1251 716 1356 801 qualis
1373 737 1436 780 non

286 819 472 905 possessori
492 829 671 904 competat,
702 820 826 905 etipsa
848 841 979 906 quoque
1000 819 1183 886 Sisenem
1203 815 1438 884 accuratissima

285 919 495 986 formularum
517 919 715 986 enumeratio
748 943 848 986 unam
882 931 1006 985 tantum
1041 919 1215 986 formulam
1241 917 1440 1006 negatoriarn

287 1031 454 1087 memorat.
495 1021 608 1105 ltaque
631 1019 771 1086 dubitari
792 1044 861 1088 non
881 1032 1006 1106 potest,
1030 1022 1109 1105 quin
1131 1045 1211 1086 una
1233 1030 1358 1084 tanturn
1377 1017 1440 1081 ior-

287 1122 376 1188 mula
396 1124 429 1186 in
451 1145 545 1188 usum
567 1133 599 1188 et
619 1120 821 1208 possessoris
841 1133 874 1188 et
885 1145 952 1188 non
973 1123 1173 1209 possessoris
1194 1121 1326 1207 prodita
1339 1119 1440 1194 fuerit,

289 1224 425 1292 eandem
455 1236 563 1290 autem
590 1222 762 1288 tonnulam
790 1222 931 1290 eundem
958 1224 1091 1310 exigere
1113 1221 1316 1309 probationis
1337 1221 1441 1294 finem,

289 1336 543 1392 consentaneum
572 1335 632 1400 est,
680 1325 776 1390 Patet
802 1324 902 1408 igitur
930 1347 971 1390 ex
999 1326 1074 1411 ipso
1097 1323 1308 1391 formularum
1335 1336 1443 1388 tenore

290 1449 422 1513 prorsus
436 1426 574 1492 alienam
586 1425 626 1490 ab
635 1425 713 1490 iuris
721 1426 863 1491 Romani
884 1424 1067 1512 praeceptis
1089 1449 1147 1492 cos
1169 1424 1352 1490 doctrinam
1370 1443 1443 1508 pro-

288 1528 455 1615 posuisse,
486 1527 542 1612 qui
569 1525 771 1612 possessioni
799 1525 940 1612 aliquam
969 1527 1004 1591 in
1033 1527 1085 1592 his
1105 1526 1203 1592 rebus
1225 1525 1443 1591 auctoritatem

289 1630 468 1696 tribuerint.
510 1625 562 1692 Cf.
583 1629 614 1710 S.
638 1627 685 1694 19.
709 1649 792 1714 sqq..
833 1628 947 1714 ltaque
968 1628 1132 1706 dicemus,
1161 1628 1371 1695 considerata
1388 1649 1442 1691 ne-

291 1713 436 1818 gaterius
468 1729 647 1794 intentione
676 1727 756 1794 duas
785 1740 908 1795 tantum
939 1741 1026 1796 ratas
1054 1730 1167 1796 haberi
1188 1752 1289 1818 posse
1317 1740 1441 1796 seuten-

290 1830 368 1907 tius,
406 1828 538 1894 alteram
569 1828 670 1904 hanc,
706 1830 795 1916 quod
827 1852 957 1916 semper
990 1855 1048 1897 reo
1088 1832 1253 1898 incumbat
1286 1830 1442 1898 seruitutis

289 1930 460 2016 probatio,
482 1928 615 1996 domino
640 1930 790 2008 dominii,
812 1930 963 2009 alteram,
994 1931 1083 2019 quod
1103 1955 1234 2018 semper
1256 1944 1350 1998 actor
1370 1953 1441 2017 pro-

290 2032 367 2098 bare
388 2029 506 2096 debeat
524 2029 705 2096 libertatem
725 2031 863 2098 dominii
883 2033 952 2110 sui,
985 2033 1056 2098 sinc
1089 2033 1123 2098 in
1156 2033 1370 2120 possessione
1396 2030 1442 2107 sit,

292 2135 362 2198 siue
383 2155 471 2210 non,
493 2131 582 2218 quod
601 2133 763 2217 posterius
782 2144 950 2220 tantopere
970 2135 1011 2200 ab
1033 2135 1123 2200 omui
1144 2134 1224 2200 iuris
1246 2133 1373 2200 ratione
1390 2131 1442 2196 ab·

291 2234 412 2310 horret,
433 2243 468 2297 ut
483 2233 565 2318 ipsc,
583 2233 639 2316 qui
657 2233 742 2300 hanc
758 2234 882 2320 primus
900 2234 1059 2301 rationem
1075 2236 1259 2322 proposuit,
1279 2237 1442 2304 Scnwnr-

291 2354 371 2402 1²1vs
397 2333 546 2399 locorum
561 2344 685 2400 tanturn
697 2335 837 2400 duorum
850 2336 1041 2402 auctoritate
1055 2359 1095 2402 eo
1110 2337 1268 2404 adductus
1289 2337 1349 2414 sit,
1367 2355 1442 2419 quae
1515 2356 1516 2375 ¹

291 2447 379 2504 recta
405 2435 669 2520 interpretatione
700 2437 840 2503 eliditur.
889 2439 1065 2506 Praeterea
1093 2450 1200 2513 autem
1226 2439 1302 2504 talis
1338 2435 1441 2524 opinio

292 2537 436 2623 undique
465 2535 638 2615 refutatur,
667 2539 759 2606 uelut
785 2562 828 2606 ex
851 2539 1117 2606 antecedentibus
1138 2539 1261 2605 affatim
1285 2537 1443 2627 apparuit:

292 2639 401 2724 itaque
424 2637 520 2704 etiam
542 2661 583 2704 en
605 2639 666 2706 hac
687 2651 796 2727 parte,
824 2652 860 2706 ut
882 2641 1020 2708 dominii
1036 2640 1264 2728 probationem
1282 2637 1442 2728 negatoris

294 2739 404 2828 agenti
424 2740 649 2827 imponamus,
671 2743 831 2830 cogimur.

768 3019 969 3030 *ιιι-...ιιι-

820 3340 851 3422 §.
876 3339 924 3407 16.

306 3526 374 3580 1111.
412 3529 461 3580 ΒΕ
481 3527 587 3580 VTlLI
612 3525 779 3580 ACTIONE
798 3526 1054 3580 CONFESSORIA
1074 3527 1123 3578 ΕΤ
1145 3520 1425 3585 ΝΕΕΔΤΟΒΙΛΜ)

396 3709 435 3774 In
471 3707 735 3775 antecedentibus
771 3719 803 3775 et
837 3708 872 3774 in
909 3706 1110 3775 confessoria
1144 3717 1176 3772 ct
1213 3707 1247 3772 in
1283 3705 1442 3794 negatoria

294 3808 420 3874 actione
443 3811 541 3875 modo
566 3809 658 3896 quasi
678 3809 947 3897 legitimationem
969 3811 1010 3877 ad
1031 3833 1117 3888 ram,
1139 3809 1237 3875 modo
1265 3810 1358 3895 quasi
1376 3810 1441 3872 fun·
1512 3882 1513 3903 ,

295 3910 481 3978 dementum
510 3911 645 3978 actionis
674 3911 880 3999 probandum
910 3935 982 3979 esse
1008 3910 1187 3979 dominium
1215 3907 1441 3978 demonstraui·
1512 3922 1513 3969 i

328 4217 374 4283 4ὅ)
395 4221 437 4271 De
462 4221 572 4273 utilibus
591 4223 665 4274 hisce
691 4223 842 4274 actionibus
894 4223 1038 4274 dicendum
1068 4229 1117 4273 est.
1168 4222 1269 4289 Itaque
1290 4223 1359 4274 actio
1376 4217 1440 4272 utilis

289 4313 367 4364 nobis
386 4319 490 4364 tantum
508 4315 600 4379 quoad
619 4331 689 4368 onus
707 4317 842 4381 probandi
894 4315 1078 4379 confessoris,
1098 4329 1167 4380 quae
1187 4317 1266 4368 uerbi
1286 4316 1370 4380 metio
1385 4328 1439 4379 pro-
