3067 5117
295 397 356 474 226

292 549 427 616 minium
449 549 583 626 retinet,
607 548 716 634 itaquo
750 547 848 614 alieni
875 547 956 614 iuris
977 547 1127 635 exceptio
1150 558 1264 614 contra
1284 544 1441 611 dominum
1526 590 1527 595 1

295 674 362 716 non
381 649 479 716 ualet.
521 647 572 714 Cf.
593 651 802 716 Nrnanrvs
824 673 857 735 p.
873 649 936 714 40..
985 648 1128 714 Prorsus
1148 647 1248 732 igitur
1265 646 1379 711 falsum
1400 657 1444 710 est
1526 700 1527 703 ,

293 753 397 820 ΡΑΡΠ
419 751 500 816 illud
525 761 753 828 commentum,
773 771 840 816 non
857 749 996 814 liberum
1011 747 1192 812 dominium
1207 758 1330 813 certum
1346 746 1443 831 quod·

295 854 370 920 darn
401 875 505 940 genus
534 875 606 920 esse
636 851 793 928 dominii,
824 875 901 916 nam
928 872 1055 914 summa
1084 849 1221 915 dominii
1243 847 1335 913 notio
1358 845 1445 910 ctiam
1526 870 1527 873 ¹

296 976 363 1018 non
386 953 490 1018 libero
514 952 660 1019 dominio
683 975 813 1038 semper
832 950 1066 1016 adhaerescere
1085 950 1250 1036 perdurat.

399 1053 437 1122 Si
467 1052 539 1138 quis
571 1066 677 1120 autem
711 1053 861 1128 obiiciat,
894 1074 963 1116 noa
981 1050 1086 1116 libera
1105 1074 1167 1116 nos
1189 1052 1337 1118 dominia
1366 1051 1446 1116 haud

295 1177 370 1220 raro
402 1154 569 1238 acquirere
584 1151 709 1236 itaque
739 1163 851 1218 nostra
870 1151 1038 1217 uoluntate
1060 1151 1296 1220 nihilomnino
1318 1177 1447 1220 conces·
1526 1186 1527 1227 3

296 1279 368 1320 sum
388 1253 510 1330 uideri,
546 1254 576 1320 ei
596 1253 861 1338 respondendum
883 1263 954 1332 est,
989 1252 1078 1337 quod
1107 1253 1255 1339 quisquis
1285 1276 1449 1320 successor

297 1357 437 1422 auctoris
462 1355 512 1419 sui
531 1375 705 1438 personam
728 1377 837 1440 agere,
861 1354 971 1440 itaque
991 1353 1087 1420 tacite
1109 1355 1161 1432 iis,
1183 1379 1267 1440 quae
1290 1356 1331 1421 ab
1354 1355 1447 1420 altero

297 1458 470 1524 constituta
494 1464 584 1522 crant
611 1454 645 1518 in
672 1477 707 1520 re
740 1454 917 1539 acquisita,
948 1455 1158 1521 consensisse
1194 1457 1343 1533 uidetur,
1380 1478 1449 1519 narn

296 1580 392 1624 nemo
412 1557 486 1644 plus
507 1555 586 1620 iuris
610 1553 644 1618 in
668 1555 767 1620 alium
792 1555 966 1622 transferre
998 1567 1124 1641 potest,
1161 1581 1258 1643 quarn
1294 1558 1365 1643 ipse
1396 1556 1449 1619 ha-
1526 1542 1527 1615 1

295 1660 411 1724 buerit.
1526 1726 1527 1731 γ

400 1761 506 1824 Porro
528 1758 728 1824 monendum
750 1771 822 1837 est,
860 1760 894 1824 in
915 1783 955 1826 eo
975 1760 1120 1827 l'nrrvn
1139 1783 1314 1847 perperam
1336 1759 1448 1845 egisse,
1526 1812 1527 1817 ,

298 1861 386 1947 quod
407 1861 441 1925 in
462 1859 599 1924 dominii
621 1860 812 1926 definitione
834 1861 1059 1946 impugnanda
1093 1858 1134 1928 ad
1167 1860 1305 1947 praedia
1335 1871 1448 1925 tantum
1526 1858 1527 1893 ³

295 1962 457 2049 respexit,
475 1984 600 2027 *rorum
632 1961 820 2041 mobilium,
858 1984 942 2046 quae
975 1961 1188 2047 etplurimae
1207 1961 1293 2026 ’sunt
1325 1974 1356 2026 et
1389 1962 1449 2025 lere
1526 2014 1527 2043 ᾗ

297 2086 425 2148 semper
447 2060 554 2128 solent
575 2061 697 2128 liberae
729 2086 821 2141 esse,
857 2063 1057 2128 mentionem
1077 2085 1145 2127 non
1181 2062 1311 2128 adiecit.
1368 2061 1449 2127 Nulli
1526 2068 1527 2137 ξ

270 2176 403 2230 'autem
442 2164 591 2229 Romano
638 2187 782 2249 unquam
822 2165 857 2228 in
886 2176 1027 2230 mentem
1055 2164 1146 2228 uenit
1177 2174 1338 2242 statuere,
1370 2162 1449 2228 aliud

298 2289 371 2332 esse
393 2265 573 2330 dominium
595 2265 628 2328 in
650 2265 748 2330 rebus
770 2265 967 2343 mobilibus,
991 2265 1080 2330 aliud
1099 2264 1135 2333 in
1156 2264 1254 2330 rebus
1273 2266 1353 2347 soli.
1526 2270 1527 2341 1

398 2365 553 2450 Denique
584 2365 638 2430 uel
667 2366 701 2430 in
721 2367 864 2451 praediis
886 2389 1021 2452 prorsus
1043 2367 1190 2452 ignotam
1211 2364 1314 2430 fuisse
1335 2367 1448 2430 Roma·
1526 2376 1527 2471 1

297 2468 366 2544 nis,
389 2467 430 2532 ad
452 2489 552 2552 quos,
590 2467 624 2530 ni
643 2467 759 2545 fallor,
795 2467 885 2532 uelut
904 2469 1028 2532 iontem
1049 2467 1147 2533 totius
1168 2468 1211 2532 de
1235 2467 1374 2531 dominii
1394 2466 1448 2529 do·
1526 2474 1527 2533 1

269 2555 272 2562 ’
296 2569 418 2634 ctrinae
439 2567 534 2632 nobis
556 2568 788 2632 recurrendum
810 2577 870 2645 est,
892 2569 996 2633 PAPn
1024 2568 1114 2634 illam
1138 2569 1390 2643 distinctionem,
1412 2587 1446 2629 eo

298 2680 455 2755 apparet,
490 2668 578 2754 quod
608 2669 800 2746 seruitutcs,
836 2690 901 2754 quo
926 2679 1072 2754 tempore
1094 2669 1242 2734 doctrina
1265 2692 1377 2734 earum
1396 2667 1449 2730 tuit
1526 2734 1527 2737 Ἴ

303 2767 478 2849 excultior,
496 2771 629 2856 propria
651 2792 780 2856 semper
801 2771 873 2836 iura
895 2771 1102 2836 exdominio
1126 2781 1251 2835 secreta
1270 2770 1446 2842 habuerint,
1526 2802 1527 2851 3

302 2895 409 2957 neque
431 2871 472 2936 de
495 2871 639 2937 dominio
665 2873 738 2958 ipso
762 2871 929 2937 doctrinae
951 2895 1007 2938 eas
1029 2871 1278 2947 immiscuerint,
1315 2871 1348 2934 id
1369 2869 1449 2955 quod
1526 2864 1527 2939 1

303 2997 343 3038 ox
365 2973 531 3037 titulorum
546 2973 596 3036 his
619 2973 779 3038 derebus
801 2974 967 3058 agentium
983 2973 1017 3036 in
1039 2971 1189 3057 Corpore
1211 2971 1291 3036 iuris
1315 2970 1448 3056 disposi-

299 3076 388 3139 tione
406 3075 520 3140 elucet.
539 3075 727 3152 Tumuero,
750 3097 792 3138 ne
812 3075 924 3159 magni
939 3073 1095 3139 iaciamus
1108 3074 1194 3138 dicta
1205 3072 1313 3136 uelut:
1335 3072 1449 3154 „Quis-
1526 3060 1527 3131 l

300 3197 368 3260 quo
390 3175 438 3240 rei
459 3197 537 3240 suae
565 3175 751 3240 moderator
772 3187 868 3258 atque
890 3175 1009 3240 arbiter
1033 3183 1103 3239 cst“
1136 3175 1191 3255 (L.
1212 3175 1263 3242 21.
1285 3172 1326 3238 C.
1349 3171 1448 3236 mand.

300 3277 487 3359 (IH[‚35.'))‚
497 3276 742 3362 qualeRomani
760 3275 940 3340 dominium
952 3275 1136 3352 habuerint,
1150 3296 1189 3339 eo
1205 3274 1448 3346 demonstratur,

297 3377 386 3462 quod
399 3377 538 3462 antiquis
551 3377 750 3464 temporibus
762 3377 933 3460 seruitutes
944 3400 1021 3441 uere
1038 3375 1282 3440 imminutiones
1298 3388 1329 3440 ot
1344 3387 1447 3440 exten·
1526 3404 1527 3465 p

297 3480 407 3543 aiones
430 3477 567 3544 dominii
586 3477 714 3542 habitae
738 3488 823 3553 sunt,
844 3477 885 3540 L.
896 3479 926 3543 5.
948 3479 979 3560 ὃ.
996 3481 1026 3543 o.
1049 3477 1091 3542 de
1115 3477 1272 3554 O.N.N.,
1296 3477 1336 3541 cl.
1358 3497 1447 3558 supra
1526 3474 1527 3539 3

296 3581 330 3665 ὃ.
357 3581 382 3645 l.
401 3582 444 3657 4.,
465 3579 552 3645 unde
572 3577 667 3644 facile
688 3578 871 3663 colligitur,
901 3579 1069 3644 notionem
1099 3578 1236 3643 dominii
1259 3601 1356 3662 quam
1379 3599 1447 3661 gra·

298 3681 469 3746 nissimam'
486 3681 654 3752 Romanos
677 3680 822 3755 finxisse,
846 3679 880 3743 id
901 3679 990 3762 quod
1011 3681 1125 3764 ipsum
1141 3703 1180 3745 eo
1203 3690 1346 3766 apparet,
1368 3674 1448 3762 quod
1526 3682 1527 3755 l

298 3781 466 3846 seruitutes
498 3782 543 3848 ita
569 3790 745 3868 potuerunt
775 3780 948 3858 constitui,
979 3791 1015 3844 ut
1043 3781 1077 3844 in
1112 3781 1182 3846 iure
1203 3781 1371 3846 cederetur
1400 3797 1446 3840 res
1526 3758 1527 3835 l

297 3882 439 3947 detracto
465 3883 555 3947 uelut
576 3881 759 3957 usufructu,
799 3905 875 3945 nam
907 3892 938 3946 et
967 3881 1043 3946 hinc
1075 3882 1249 3967 probatur,
1284 3879 1445 3945 seruitutos
1526 3882 1527 3961 t

295 3983 395 4069 pleno
418 3983 563 4049 dominio
587 3983 679 4069 quasi
703 3981 829 4049 detrahi
849 3983 958 4067 itaque
990 3982 1126 4048 dominii
1161 3983 1328 4048 notionem
1363 3977 1444 4044 altis-

295 4084 376 4148 simo
397 4084 472 4149 loco
494 4084 681 4170 ponendam
709 4106 802 4160 esse,
839 4082 996 4148 creditum
1029 4084 1141 4149 fuisse.
1181 4081 1334 4158 Accedit,
1367 4074 1447 4164 quod
1526 4086 1527 4165 ᾗ

296 4185 424 4264 disertis
455 4185 564 4251 uerbis
601 4183 869 4272 „imposititiam“
899 4207 1049 4251 caussam
1071 4184 1192 4250 habere
1215 4183 1363 4249 dicuntur
1382 4202 1443 4244 ser·
1526 4206 1527 4265 g

295 4287 412 4352 uitutes
434 4287 475 4352 L.
497 4287 527 4354 5.
551 4288 582 4370 ᾗ.
604 4286 633 4352 9.
656 4285 696 4353 de
719 4287 762 4354 0.
785 4287 825 4354 Ν.
847 4287 901 4353 Ν..
942 4286 1098 4372 Denique
1120 4309 1178 4366 eo,
1214 4286 1301 4372 quod
1324 4285 1357 4351 in
1382 4303 1443 4348 ser·
1526 4368 1527 4381 χ
