3067 5117
1264 408 1305 477 tt

151 594 250 657 quam
271 568 434 656 acceperit
451 566 664 635 hereditatem
684 564 855 653 respiciat,
886 564 1012 651 itaque,
1033 560 1308 649 quemadmodum

149 683 182 739 et
202 673 466 739 vsasnaovrvs
487 668 714 757 praescripsit,
746 667 862 733 ceteris
883 665 1049 752 legatariis
1078 664 1192 741 totius,
1223 684 1306 748 quae

149 772 193 839 ad
213 773 323 859 ipsum
342 772 510 859 peruenit,
530 769 718 837 hereditatis
740 778 887 854 quartam
908 764 1064 835 detrahat.

254 873 294 942 Si
315 897 383 940 non
402 874 446 939 ad
463 871 591 937 uirilem
607 879 733 957 partem
756 868 892 933 reducta
920 865 1039 933 luerint
1071 865 1181 951 legata
1209 885 1306 931 exee-

144 973 212 1061 ptis
236 974 364 1052 debita,
393 982 489 1041 aucta
509 970 642 1058 quidem
660 968 840 1035 hereditate
864 966 1139 1055 quemadmodum
1166 966 1206 1033 iis
1225 987 1306 1031 con-

146 1075 274 1144 sulatur
291 1076 334 1143 ad
348 1077 390 1143 1..
413 1075 486 1143 103.
502 1073 544 1138 de
564 1072 654 1158 legg.
674 1071 733 1139 Ill.
754 1071 1000 1157 perspeximus,
1022 1069 1192 1137 imminuta
1210 1067 1306 1137 here-

147 1177 250 1246 ditate
272 1174 488 1264 quinccteris
509 1174 602 1261 paria
621 1174 820 1251 habeantur,
849 1194 918 1237 non
950 1170 1075 1237 dubito.
1098 1179 1103 1187 '
1132 1169 1184 1237 Cf.
1214 1171 1256 1237 L.
1275 1172 1307 1239 5.

145 1278 181 1362 S.
204 1282 237 1347 7.
261 1280 304 1344 de
325 1280 415 1367 legg.
431 1287 562 1364 praest..

251 1380 316 1446 His
336 1380 446 1465 itaque
468 1375 656 1464 praemissis
676 1385 842 1462 utcunque
861 1398 914 1442 res
935 1396 971 1443 se
991 1374 1127 1453 habeat,
1155 1374 1308 1443 facillime

145 1481 260 1547 omnia
279 1480 540 1547 diiudicabimus.
583 1477 789 1545 Generaliter
816 1488 924 1545 autem
942 1475 1026 1543 hanc
1047 1476 1209 1562 fingamus
1231 1498 1307 1565 spc-

145 1581 251 1659 eiem,
270 1582 359 1648 unde
380 1582 493 1646 omnia
512 1579 757 1667 perquiramus:

254 1683 407 1750 Testator
427 1681 582 1767 relinquit
610 1681 676 1747 duo
703 1680 808 1747 millia
828 1691 862 1747 et
884 1680 1138 1767 quadringenta,
1161 1680 1227 1747 duo
1247 1680 1307 1747 ha-

145 1783 204 1852 bet
231 1783 339 1863 filios,
369 1806 466 1851 snum
493 1782 629 1849 alterum
658 1781 798 1860 Gaium,
827 1783 965 1849 alterum
985 1782 1223 1868 emancipatum
1244 1783 1307 1851 Se·

143 1885 225 1953 ium.
239 1888 289 1967 ⁹⁵)
343 1885 448 1953 Gaius
477 1895 528 1950 cst
550 1882 726 1962 institutus,
749 1884 846 1951 Seius
874 1884 1077 1969 praeteritus.
1120 1883 1205 1977 Gaio
1228 1884 1307 1951 sub-

143 1986 275 2051 stitutus
295 1996 344 2051 est
363 1986 600 2072 Sempronius,
622 1983 757 2053 coheres
778 1985 943 2051 Maeuius.

252 2090 303 2169 1⁰,
324 2088 396 2157 lam
430 2087 572 2174 primum
607 2104 683 2165 eum
721 2108 834 2153 casum
873 2084 1092 2163 tractabimus,
1133 2086 1169 2153 si
1211 2087 1307 2175 plus

143 2186 294 2255 edicto
315 2188 542 2255 commisso
562 2186 754 2274 pupillus
776 2187 1004 2274 acceperit.
1056 2189 1111 2255 Ex
1129 2188 1309 2276 quadrante

143 2290 311 2358 institutus
338 2299 389 2359 est
415 2288 538 2367 Gaius,
566 2311 607 2354 ex
633 2288 793 2355 dodrante
822 2290 985 2355 Maeuius.
1037 2290 1167 2377 Legata
1194 2291 1308 2359 relicta

143 2402 262 2459 sunta
281 2390 368 2458 Gaio
402 2390 547 2476 exeeptis
567 2388 731 2469 0000,
766 2391 929 2458 extraneis
953 2389 1049 2469 CC.,
1070 2416 1090 2459 a
1109 2392 1306 2481 Sempronio

145 2491 231 2561 00..
279 2496 452 2564 Bonorum
476 2492 688 2579 possessione
709 2502 824 2559 eontra
845 2490 970 2558 tabulas
991 2516 1051 2579 per
1071 2492 1184 2563 Seium
1202 2494 1308 2583 impe·

144 2604 228 2661 trata
241 2594 346 2663 Gaius
367 2594 467 2661 hahet
485 2592 609 2671 MCC,
631 2594 777 2682 exceptis
799 2593 896 2661 debet
911 2592 1121 2675 CCCC.,⁹⁶)
1146 2594 1308 2665 extraneis

142 2694 237 2761 nihil.
299 2696 518 2783 Sempronius
547 2694 634 2762 Gaio
661 2695 747 2761 intra
779 2693 983 2781 pubertatem
1015 2707 1144 2763 mortno
1175 2695 1310 2765 habebit

143 2796 270 2875 Mcc,
305 2799 451 2886 exeeptis
473 2797 571 2864 debet
592 2795 751 2874 0000,
782 2818 867 2881 quae
900 2805 974 2862 ante
996 2810 1072 2865 sunt
1104 2798 1307 2869 deducenda.

144 2898 322 2982 Quadrans
340 2898 530 2967 hereditatis
552 2909 622 2965 erat
640 2896 729 2975 DC,
748 2896 826 2962 hino
847 2896 946 2983 igitur
966 2896 1077 2985 legata
1099 2922 1118 2965 a
1139 2900 1224 2969 Gaio
1247 2924 1305 2967 cx-

143 3000 264 3067 traneis
287 3000 402 3066 relicta
423 3010 498 3065 sunt
517 2999 724 3086 praestanda.
771 2997 951 3064 Habebunt
971 2999 1058 3065 illius
1080 3000 1229 3086 legatarii
1251 3024 1306 3069 so-

139 3100 210 3167 lida
230 3099 323 3179 00,
348 3100 538 3187 Sempronii
558 3100 666 3169 solida
686 3098 781 3177 00,
823 3100 1038 3186 Sempronius
1066 3102 1138 3187 ipsc
1160 3100 1306 3171 CCCC..

144 3201 253 3285 Quid,
287 3201 319 3267 si
345 3225 367 3267 a
385 3202 584 3289 Sempronio
620 3201 734 3267 relicta
767 3200 888 3267 fuerint
919 3201 1020 3269 1)οΡ
1075 3202 1211 3289 Duplex
1242 3204 1307 3271 iam

142 3302 226 3371 ratio
259 3301 415 3369 ineunda.
473 3304 620 3373 Primum
639 3302 726 3371 enim
746 3302 829 3369 ratio
852 3302 1019 3371 Falcidiae
1038 3304 1184 3371 ineunda
1205 3305 1307 3371 estin

143 3403 344 3492 quadrante,
375 3404 422 3471 ita
451 3414 487 3471 ut
519 3404 661 3473 habeant
692 3403 811 3491 pupilli
842 3404 993 3491 legatarii
1024 3428 1092 3473 non
1126 3405 1216 3487 00,
1246 3406 1306 3477 sed

178 3709 226 3776 ⁰⁵)
249 3712 458 3777 Emancipatnm
487 3728 549 3767 essa
566 3713 697 3779 presteri-
748 3715 903 3769 seeuonem
927 3726 984 3767 non
1010 3712 1169 3789 admittitur.
1211 3714 1253 3765 ct.
1274 3714 1307 3769 1..
1402 3780 1409 3787 .

140 3809 207 3868 tan,
225 3819 340 3857 neeesse
362 3811 412 3869 est,
431 3821 494 3857 nam
520 3807 544 3856 si
563 3821 629 3856 eoas
655 3806 696 3856 tu·
747 3809 773 3861 8.
794 3823 835 3873 pr.
865 3806 896 3859 1..
918 3800 961 3857 20.
992 3820 1033 3869 pr.
1066 3807 1099 3859 de
1132 3808 1165 3861 B.
1186 3807 1218 3859 P.
1243 3813 1305 3861 at.

140 3896 192 3946 erit
215 3896 393 3960 praeteritus,
420 3903 613 3949 testamentum
638 3912 697 3952 non
748 3899 900 3967 (XXXVII,
919 3894 964 3959 4.).

139 3986 260 4052 amobit,
285 3989 377 4054 itaque
401 4004 452 4042 nee
471 3990 627 4047 substitutio
645 4006 695 4060 pu·
785 3989 832 4059 ⁸⁶)
861 3990 975 4054 Semper
1003 3990 1033 4040 in
1063 3995 1122 4041 tots
1146 3990 1198 4041 hac
1221 4006 1304 4056 quae·

138 4080 251 4145 pillaria
747 4085 836 4135 stione
857 4080 1006 4135 tenendum
1024 4085 1079 4143 est,
1107 4082 1199 4145 legata
1222 4098 1303 4135 exce-

194 4172 279 4223 Simul
309 4178 400 4224 antem
434 4174 567 4238 pupillum
596 4174 693 4227 Gaium
743 4174 798 4241 ptis
826 4172 990 4237 praestanda
1011 4188 1151 4239 nunquam
1176 4174 1303 4227 trientem

136 4264 290 4315 institutum
308 4278 370 4316 esse
389 4269 554 4317 testamento
574 4272 692 4331 oportet,
743 4268 817 4330 eius,
842 4267 917 4332 quod
934 4264 1055 4329 pupillus
1074 4268 1191 4332 aceepit,
1220 4282 1301 4318 exee-

138 4356 205 4421 qer'a
222 4358 403 4411 exheredatus
421 4360 457 4414 ed
476 4359 612 4411 bonorum
625 4374 691 4425 pos·
741 4361 919 4423 derepente.
947 4356 988 4409 Ct‘.
1011 4372 1038 4409 n.
1058 4356 1109 4409 ⁹5..
