3067 5117
222 1360 323 1483 luris
356 1407 517 1483 Romani
558 1408 648 1487 duas
696 1411 810 1486 hasce
853 1409 1184 1485 commentationes
1226 1410 1267 1485 in

111 1526 226 1604 lucem
255 1557 371 1607 ausus
398 1532 583 1629 emittere,
617 1557 693 1605 non
724 1532 832 1631 potui
853 1558 931 1606 non
961 1532 1266 1632 animaduertere,

110 1652 324 1728 temeritatis
353 1654 586 1729 excusandae
611 1653 732 1757 gratia
758 1654 822 1752 iis,
857 1656 922 1753 qui
947 1655 1117 1730 libellum
1140 1681 1266 1731 meum

109 1772 288 1875 inspicere
315 1778 412 1852 forte
439 1776 626 1878 dignaturi
651 1776 743 1873 sint,
780 1775 944 1853 breuiter
977 1777 1159 1853 rationem
1184 1804 1266 1855 esse

106 1896 348 1976 reddendam.

218 2021 333 2099 Prior
360 2022 494 2125 igitur,
523 2047 635 2120 quam
657 2023 836 2121 tractaui,
864 2022 1032 2121 quaestio
1058 2022 1099 2097 in
1125 2051 1264 2099 annum

107 2135 400 2221 MDCCCLIIH.
436 2144 483 2219 ab
518 2144 653 2219 illustri
685 2143 1025 2221 Iureconsultorum
1045 2146 1262 2221 Berolinen-

107 2260 192 2337 sium
228 2265 375 2344 Ordine
426 2270 561 2345 ciuium
607 2266 903 2342 academicorum
943 2268 1135 2345 certamini
1174 2268 1262 2344 sub-

103 2379 189 2461 iecta
215 2388 313 2489 fuit,
349 2392 408 2467 his
436 2392 561 2467 uerbis
596 2402 793 2491 concepta:

302 2514 378 2611 „Ut
399 2514 571 2589 instituta
594 2513 764 2615 diligenti
785 2513 953 2590 locorum
978 2515 1067 2590 iuris
1088 2515 1260 2615 Romani,

193 2634 333 2731 quibus
359 2636 406 2712 de
431 2637 563 2739 agitur,
588 2619 892 2737 interpretatione
915 2637 1108 2737 efficiam,
1133 2664 1260 2737 quem-

193 2756 399 2835 admodum
433 2760 473 2833 in
497 2757 707 2859 duplicibus
735 2760 966 2834 testamentis
1006 2760 1091 2835 iniri
1125 2761 1260 2837 debeat

192 2878 290 2953 ratio
316 2880 428 2983 Legis
455 2880 678 2978 Falcidiae,“

105 2994 250 3075 alteram
273 3001 426 3077 illustris
443 3002 784 3079 Iureconsultorum
800 3001 1021 3079 Halensium
1039 3004 1142 3083 Ordo
1175 3010 1257 3110 pari

105 3114 145 3191 de
173 3147 307 3199 caussa
344 3125 502 3201 eundem
532 3126 572 3199 in
608 3152 746 3198 annum
770 3125 823 3199 ita
856 3128 1070 3227 proposuit:

297 3246 478 3344 „Ouinam
500 3247 539 3321 in
559 3245 767 3323 actionibus
795 3259 873 3321 tam
894 3249 1121 3325 confessoria
1142 3278 1255 3351 quam
1279 3306 1282 3310 -

193 3370 387 3471 negatoria
404 3367 596 3444 incumbat
617 3396 711 3444 onus
736 3370 932 3470 probandi,
957 3372 1089 3448 habita
1110 3375 1254 3453 ratione

195 3492 437 3568 formularum
460 3490 501 3565 in
536 3491 654 3566 ueteri
682 3491 905 3568 iudiciorum
941 3495 1070 3570 ordine
1099 3498 1253 3575 usitata-

202 3642 286 3689 rum
314 3620 555 3715 exponatur.“

103 3729 189 3810 Mihi
235 3748 359 3811 autem
418 3762 533 3835 quum
571 3737 786 3841 contigerit,
827 3750 869 3813 ut
907 3739 1063 3816 feliciter
1104 3746 1252 3846 utrique

103 3858 280 3950 postulato
311 3858 569 3958 satisfecerim,
600 3861 773 3937 iuuenilis
804 3860 946 3961 ingenii
977 3864 1182 3964 specimina
1211 3870 1251 3945 in

106 3977 236 4054 seriniis
271 3980 534 4059 abscondenda
572 4010 653 4060 esse
686 3984 770 4059 uisa
797 4010 874 4060 non
909 3996 1013 4083 sunt,
1046 4014 1124 4061 non
1162 3991 1250 4089 quia

103 4121 231 4176 nouum
252 4104 378 4179 nescio
410 4106 511 4203 quod
535 4107 786 4206 eximiumque
810 4133 945 4181 munus
985 4108 1150 4185 uirorum
1181 4112 1247 4189 do-

107 4230 237 4299 ctorum
266 4226 428 4301 examini
458 4227 728 4303 submissurum
755 4256 816 4304 me
849 4254 931 4304 esse
956 4231 1127 4331 opinatus
1163 4234 1245 4333 sim,

106 4343 162 4420 sed
180 4348 281 4447 quod
308 4349 501 4451 antiquum
533 4350 573 4427 in
602 4351 742 4427 haere
769 4378 912 4429 morem
948 4355 996 4431 ab
1035 4381 1079 4429 eo
1118 4357 1245 4443 statim
