3067 5117
270 373 331 445 tto

273 526 326 603 sit,
346 526 490 592 breuiter
510 546 687 612 exponere,
709 546 811 609 quum
831 524 1022 611 praesertim
1043 548 1063 592 a
1084 524 1251 613 plerisque
1271 522 1423 591 recentio-

271 626 362 694 ribus
386 625 553 691 nonsatis
574 626 749 713 diligenter
770 626 874 692 soleat
895 626 1083 693 examinari.

376 728 615 796 Vnuuuumvs
642 726 741 814 igitur
771 725 854 793 haec
883 736 1049 793 assecutus
1072 738 1137 793 est:
1185 726 1423 795 Confessoriam

274 838 371 914 atque
391 829 594 915 negatoriam
614 850 780 894 nouare
805 837 900 913 atque
928 828 1104 906 sententia,
1119 830 1172 915 ¹⁰]
1204 828 1263 895 sed
1283 852 1302 895 a
1321 827 1424 893 uerbis
1465 831 1473 839 '

271 929 352 1015 ipsis
374 928 564 995 intentionis
579 952 653 995 esse
672 928 912 1006 denominatas,
934 928 1074 1015 ideoque
1096 929 1332 997 confessoriam
1346 951 1423 1005 esse,

269 1029 327 1095 ubi
358 1030 430 1116 quis
453 1040 529 1117 agat
564 1051 691 1107 „esse
713 1030 830 1107 ius‚“
860 1028 1081 1115 negatoriam,
1112 1030 1169 1097 ubi
1190 1054 1305 1111 „non
1334 1052 1423 1096 esse
1518 1030 1519 1089 ζ

270 1132 346 1197 ius.
354 1139 376 1170 ‘⁴

372 1232 462 1300 Hinc
492 1234 669 1321 consequi,
705 1243 742 1298 ut
771 1243 803 1298 et
835 1230 987 1297 dominus
1024 1256 1122 1317 agere
1157 1234 1263 1321 possit
1291 1242 1423 1319 utraque

270 1332 399 1399 actione
420 1344 452 1399 et
467 1334 507 1413 is,
530 1335 584 1400 cui
603 1334 743 1400 seruitus
764 1331 931 1409 debeatur,
952 1330 997 1397 ita
1019 1330 1161 1416 quidem,
1182 1342 1218 1397 ut
1240 1332 1268 1397 si
1289 1332 1423 1398 seruitus

270 1433 427 1499 consistat
446 1435 480 1500 in
502 1435 668 1523 patiendo,
701 1436 752 1501 ius
775 1433 871 1499 nobis
891 1433 926 1497 in
950 1430 1057 1498 alieno
1081 1442 1265 1519 competere
1285 1456 1304 1499 e
1326 1434 1423 1500 servi-
1518 1450 1519 1465 ¹

270 1543 337 1599 tute
358 1537 603 1615 contendamus,
624 1536 676 1601 sin
693 1559 774 1602 uero
797 1533 935 1601 seruitus
953 1534 987 1598 in
1007 1556 1074 1599 non
1095 1533 1245 1599 faciendo
1261 1535 1424 1613 consistat,
1518 1582 1519 1603 .

270 1634 321 1700 ius
343 1658 410 1702 non
434 1658 507 1703 esse
532 1638 567 1702 in
586 1658 647 1703 suo
670 1637 734 1703 hoc
755 1634 866 1702 inuitis
888 1633 984 1700 nobis
1009 1636 1116 1700 facere
1145 1656 1203 1701 seu
1234 1634 1280 1700 ita
1309 1637 1423 1701 factum

268 1736 389 1803 habere
412 1760 565 1824 agamus,
586 1738 742 1825 quoniam
762 1738 951 1810 seruitutem
972 1734 1067 1800 nobis
1088 1734 1222 1801 debeat:
1242 1737 1347 1821 priori
1366 1737 1423 1802 ita-

269 1859 333 1923 que
354 1859 433 1903 casu
448 1838 558 1904 locum
574 1862 646 1905 csse
661 1838 895 1914 consensoriae,
915 1835 1089 1925 posteriori
1111 1838 1311 1922 negatoriae.
1340 1838 1423 1905 Hinc

268 1936 399 2003 tandem
428 1960 469 2004 eo
497 1940 665 2025 peruenit,
688 1950 724 2005 ut
744 1939 930 2005 discrimine
951 1940 1034 2004 inter
1055 1930 1243 2023 negatiuas,
1270 1963 1356 2027 quae
1376 1941 1423 2005 di·

268 2048 401 2117 cuntur,
422 2049 455 2105 et
475 2039 683 2106 affirmatiuas
704 2041 876 2106 seruitutes
899 2039 995 2105 anxie
1018 2051 1164 2117 seruato,
1193 2042 1422 2108 confesso·
1518 2038 1519 2105 3

268 2139 329 2205 rio
351 2141 421 2227 agi
449 2140 596 2206 statuerit
625 2152 804 2228 propter
831 2149 1139 2227 competentem
1168 2142 1422 2209 seruitutem
1518 2182 1519 2231 3

266 2239 571 2306 affirmatiuam
609 2251 651 2307 et
676 2252 852 2329 propter
876 2241 1125 2307 libertatem
1154 2266 1174 2307 a
1199 2245 1422 2331 negatiua,

265 2341 495 2427 negatoris
516 2340 703 2408 uiceuersa
729 2352 762 2409 et
790 2354 974 2431 propter
994 2354 1306 2430 competentem
1335 2369 1421 2411 ser·
1518 2346 1519 2421 ἴ

265 2440 442 2508 uitutem
470 2442 714 2527 negatiuam
736 2454 777 2510 et
805 2454 985 2532 propter
1013 2444 1261 2511 libertatem
1292 2470 1421 2515 aser·
1518 2434 1519 2507 f

264 2542 406 2607 uitute
427 2541 492 2606 aff
502 2542 722 2611 irmatiua.
772 2544 886 2633 Itaque
913 2556 1082 2630 utramque
1113 2546 1275 2613 actionem
1303 2559 1336 2614 et
1364 2549 1421 2613 do·

265 2641 355 2707 mino
387 2655 573 2729 competere
605 2646 705 2723 etei,
749 2646 805 2731 qui
839 2645 1027 2713 seruitutem
1061 2645 1190 2713 habeat.
1258 2650 1422 2716 Prouocat
1518 2658 1519 2705 ἴ

264 2744 501 2811 vanrnnmvs
535 2744 577 2811 ad
604 2746 646 2811 L.
665 2748 695 2813 4.
724 2749 757 2833 S.
782 2750 825 2825 7.,
858 2750 900 2813 L.
920 2746 951 2814 8.
980 2748 1011 2831 §.
1029 2748 1060 2815 5.
1081 2746 1109 2813 si
1131 2769 1230 2824 seru„
1248 2751 1290 2816 L,
1316 2753 1363 2819 15,
1382 2752 1420 2817 de
1518 2734 1519 2799 i

266 2844 310 2911 0.
330 2844 373 2910 N.
395 2846 458 2925 N.‚
514 2869 594 2932 quas
634 2847 727 2934 leges
765 2848 964 2915 adminicula
997 2848 1204 2937 suppeditare
1238 2850 1332 2917 nulla
1372 2876 1420 2917 ar-
1518 2892 1519 2929 3

264 2946 431 3013 bitramur.
480 2950 591 3032 Quum
607 2972 687 3016 uero
710 2951 866 3015 acerrime
888 2950 1037 3017 uideatur
1055 2974 1240 3039 repugnare
1261 2952 1303 3018 L.
1326 2956 1357 3023 2.
1373 2977 1419 3041 pr.

265 3048 301 3114 si
325 3073 411 3116 seru.
433 3049 556 3137 duplici
576 3050 675 3115 modo
698 3073 770 3117 eam
794 3050 901 3117 studet
923 3052 1098 3140 explicare.

368 3151 436 3215 Aut
463 3151 550 3216 enim
579 3152 796 3218 Tnmoumru
828 3154 973 3221 incuriae
1000 3154 1128 3221 cuidam
1158 3166 1270 3222 censet
1296 3157 1418 3224 adscri-
1518 3172 1519 3203 ³

265 3251 409 3317 bendum
430 3274 520 3329 esse,
541 3251 630 3337 quod
650 3252 691 3318 de
711 3254 878 3319 usufructu
900 3254 971 3320 solo
993 3254 1033 3321 ab
1054 3256 1217 3323 VLPIANO
1240 3255 1363 3324 dictum
1383 3258 1421 3323 ad
1518 3274 1519 3331 ζ

265 3374 379 3418 omnes
399 3373 563 3438 peraeque
584 3353 756 3421 seruitutes
777 3356 996 3436 redhibuerit‚
1025 3380 1090 3443 qua
1114 3358 1149 3422 in
1168 3380 1205 3423 re
1225 3356 1315 3423 haud
1337 3359 1420 3424 indi·

262 3474 330 3539 gno
352 3451 463 3517 nititur
480 3464 683 3539 argumento,
704 3458 794 3542 quod
807 3458 1002 3527 Lib.XV11.
1024 3457 1066 3524 ad
1073 3458 1225 3525 Edictum
1242 3460 1325 3527 etde
1343 3484 1419 3527 usu·

261 3552 367 3617 fructu
386 3563 418 3618 et
440 3550 482 3618 de
501 3552 708 3620 seruitutibus
729 3558 871 3625 realibus
887 3559 1014 3649 locutus
1035 3560 1077 3627 sit
1095 3561 1290 3641 VLPIANVS,
1312 3564 1419 3649 itaque
1518 3560 1519 3617 t

261 3652 357 3719 facile
390 3654 462 3719 fieri
488 3655 648 3741 potuerit,
686 3668 723 3723 ut
753 3659 843 3745 quod
870 3660 912 3727 de
933 3661 1101 3728 usufructu
1123 3662 1252 3743 dixerit,
1284 3665 1415 3733 Tumo-

271 3876 471 3889 ——-....-..—.

256 4030 394 4081 sarram
418 4030 482 4083 vot.
506 4030 530 4083 1.
555 4043 581 4097 p.
607 4032 676 4088 3⁰3..
712 4038 812 4089 Nouis·
900 4038 945 4105 ¹²)
971 4043 1015 4093 Ita
1040 4042 1112 4093 enim
1132 4042 1246 4107 exprimi
1263 4048 1336 4097 solet
1354 4063 1413 4099 sen·

256 4120 323 4170 sfme
350 4122 431 4172 ctiam
456 4124 673 4180 zinnoancnvs
690 4146 717 4195 p.
740 4131 811 4187 219..
860 4132 945 4183 tentia
964 4130 1027 4198 §.2
1047 4134 1166 4185 exhibita
1183 4142 1295 4188 auctore
1318 4140 1411 4191 Tunc.
1518 4174 1519 4177 =

256 4212 364 4277 Optime
383 4220 478 4265 contra
500 4218 597 4269 enixus
616 4230 659 4273 cst
685 4225 807 4275 Sunnrvs
860 4239 946 4275 rinno
965 4228 1000 4275 sd
1021 4224 1047 4291 i.
1066 4225 1092 4279 2.
1111 4227 1134 4277 Ι.
1155 4228 1207 4278 cit..
1227 4228 1268 4281 01⁴.
1289 4230 1410 4282 Vinurvs

254 4320 281 4367 p.
303 4302 363 4355 388.
381 4320 408 4356 n.
428 4300 473 4330 ”⁸¹
858 4326 885 4375 p.
906 4310 966 4365 870.
985 4320 1013 4363 et
1027 4314 1098 4369 infra
1116 4318 1138 4381 5.
1159 4318 1193 4371 i..
