3067 5117
1206 422 1266 493 148

213 577 330 657 Nobis,
355 588 391 644 ut
409 577 527 646 rectius
543 575 625 643 haec
646 574 756 641 omnia
775 573 940 661 possimus
951 573 1140 653 diiudicare,
1160 575 1264 663 primo

105 682 183 747 loco
208 678 430 767 quaerendum
457 689 523 756 est,
553 700 655 763 quum
683 676 776 741 notio
803 676 882 741 iuris
908 676 1004 743 altius
1028 691 1101 743 ’non
1129 674 1265 743 tollendi

105 782 208 869 plana
230 781 290 858 sit,
320 780 398 867 quid
419 780 550 847 tandem
571 777 613 842 do
632 776 704 843 iure
724 776 820 845 altius
841 778 978 845 tollendi
1005 787 1092 845 recte
1121 787 1265 844 statuen-

105 883 187 949 dum
206 904 282 948 esse
300 880 460 947 uideatur.

210 984 256 1050 Et
275 981 375 1047 hodio
395 981 527 1067 quidem
549 981 661 1069 opinio
684 992 733 1049 est
753 1004 912 1069 perquam
931 980 1079 1067 uulgata,
1108 977 1141 1043 in
1162 977 1264 1043 serni-

104 1082 229 1149 matus
258 1081 467 1169 praediorum
491 1081 691 1149 urbanorum
719 1082 900 1149 libertatem
929 1106 950 1149 a
969 1080 1122 1147 seruitute
1153 1102 1264 1145 rursus

6 1269 7 1272 Ἴ
105 1183 298 1251 semitutum
317 1182 441 1249 haberi.
469 1181 522 1249 ct.
540 1184 732 1249 Loanmvs
750 1207 785 1269 p.
810 1184 890 1261 tro,
912 1206 945 1270 p.
966 1182 1049 1259 506..
1068 1182 1262 1261 Vaccaeo-

106 1302 195 1352 νινε
214 1286 248 1369 3.
268 1285 340 1353 342.
360 1308 394 1349 n.
411 1286 455 1351 3..
496 1282 622 1351 Contra
645 1285 730 1351 lianc
751 1284 944 1351 sententiam
965 1307 985 1348 a
1004 1283 1159 1351 Cvmcro
1187 1284 1265 1351 Vol.

6 1447 7 1468 ,
103 1389 182 1455 lIIL
203 1410 238 1475 p.
260 1386 350 1455 1048.
380 1385 521 1471 primum
542 1386 702 1472 prolatam
731 1384 887 1453 acerrime
908 1396 1031 1471 pugnat
1049 1385 1264 1453 Bacnovrvs
1356 1435 1359 1443 .

6 1519 7 1540 ¹
104 1513 137 1577 p.
158 1489 246 1566 320,
268 1488 326 1573 qui
344 1486 525 1553 rectissime
544 1486 720 1573 perspexit,
745 1486 834 1572 quod
854 1496 970 1573 postea
992 1486 1091 1551 uariis
1114 1484 1174 1551 sub
1197 1486 1265 1552 for-

105 1590 167 1655 mis
191 1610 321 1675 semper
341 1597 450 1654 tamur
470 1609 582 1653 rursus
599 1588 836 1674 praeteruisum
859 1598 919 1666 est,
939 1588 991 1653 ius
1012 1586 1107 1653 altius
1128 1586 1266 1653 tollendi

6 1720 7 1770 t
105 1691 201 1759 nullo
227 1689 327 1756 modo
355 1710 417 1775 pro
445 1687 610 1754 deletione
638 1687 693 1754 uel
719 1687 939 1755 coarctatione
968 1688 1048 1755 iuris
1079 1687 1175 1754 altius
1197 1710 1264 1753 non

6 1775 7 1864 l
106 1789 247 1859 tollendi
267 1788 454 1856 habendum
475 1812 565 1868 esse,
599 1788 658 1855 sed
679 1789 706 1855 si
728 1788 808 1877 quid
828 1788 862 1855 in
879 1788 940 1857 hac
963 1812 998 1855 re
1019 1790 1073 1855 uel
1094 1799 1189 1877 pacto
1212 1789 1266 1855 uel

106 1893 172 1959 alio
187 1892 289 1957 modo
311 1892 535 1969 constituatur,
556 1914 685 1978 semper
702 1914 771 1957 non
793 1890 981 1957 seruitutem
1003 1890 1104 1967 nasci,
1127 1889 1186 1955 sed
1207 1912 1266 1955 an-

6 2032 7 2058 .
106 1995 232 2081 tiquam
252 1991 434 2059 libertatem
454 1991 581 2067 redimi,
602 2014 687 2079 quae
708 1993 870 2059 sententia
890 2014 1046 2078 expressa
1068 2002 1117 2057 est
1135 1992 1213 2059 nt.
1234 1995 1266 2077 3.

105 2098 157 2165 29.
185 2094 228 2160 de
247 2115 340 2160 mue.
361 2093 538 2179 (XXXX,
556 2095 621 2179 3.):

192 2216 291 2273 „non
312 2194 411 2261 etiam
430 2218 520 2273 eam,
548 2217 631 2281 quae
659 2194 904 2263 libertatem
925 2205 1069 2281 praestat
1099 2195 1267 2262 sublata

189 2294 440 2361 seruitute.“
483 2296 535 2363 Cl.
557 2299 794 2365 vmrnamvs
815 2320 848 2383 p.
871 2296 919 2365 15.
942 2296 964 2361 i.
985 2296 1018 2360 f..

106 2398 160 2465 Ad
181 2396 273 2483 quod
293 2396 414 2464 malum
435 2398 647 2465 auertendum
677 2422 744 2464 non
775 2398 951 2485 proficiunt
986 2399 1217 2466 vmcmovn
1243 2398 1266 2465 l.

108 2522 135 2567 c.
170 2522 206 2565 n.
232 2500 264 2565 3.
291 2524 319 2565 r.
369 2499 534 2586 argutiae,
571 2499 628 2587 qui
652 2500 807 2567 seruitute
836 2498 1046 2586 praediorum
1069 2499 1268 2567 urbanorum

108 2604 302 2677 constituta,
337 2623 413 2667 non·
428 2611 464 2666 ut
487 2599 522 2665 in
542 2602 685 2687 praediis
704 2602 833 2667 rusticis
864 2612 895 2667 et
916 2599 1123 2667 seruitutibus
1150 2624 1266 2689 perso-

108 2704 239 2772 nalibus
259 2702 310 2769 ius
331 2712 454 2767 tantum
482 2700 616 2787 aliquod
643 2702 679 2767 in
703 2725 740 2769 re
768 2702 877 2769 aliena
902 2702 1043 2787 acquiri,
1070 2700 1130 2767 sed
1152 2724 1268 2769 reuera

107 2808 219 2873 uicino
250 2815 376 2892 partem
402 2802 539 2869 dominii
575 2803 626 2868 sui
651 2825 787 2889 prorsus
811 2803 954 2869 subtrahi
984 2803 1160 2889 uicinoque
1191 2805 1268 2871 addi

108 2907 293 2976 contendit:
314 2928 380 2990 qua
400 2904 537 2971 dominii
557 2914 660 2990 parte,
683 2928 766 2990 quae
787 2904 853 2971 iam
873 2928 948 2971 cum
968 2904 1099 2970 alterius
1120 2905 1265 2971 dominio

107 3031 245 3097 prorsus
264 3004 431 3083 coaluerit,
452 3016 642 3092 recuperata
661 3005 757 3072 lacile
775 3006 841 3073 dici
859 3028 970 3093 posse,
992 3027 1060 3071 non
1083 3028 1154 3073 esse
1176 3007 1266 3073 solu-

108 3124 173 3178 tam
196 3109 364 3195 antiquam
383 3107 581 3185 seruitutem,
603 3106 663 3173 sed
677 3130 799 3173 nouam
819 3108 854 3173 in
865 3106 996 3173 alterius
1017 3106 1163 3173 dominio
1185 3131 1265 3173 con-

108 3212 263 3277 stitutam.
303 3207 357 3273 Ad
378 3232 475 3294 quam
493 3208 654 3274 rationem
680 3208 872 3276 firmandam
897 3209 1159 3277 Vauounovws
1188 3233 1265 3299 pro-

108 3323 207 3377 uocat
228 3310 272 3377 ad
297 3310 340 3375 L.
358 3312 389 3379 5.
411 3312 442 3395 3.
462 3310 493 3375 9.
523 3308 564 3375 de
585 3309 630 3375 0.
653 3309 696 3373 Ν.
715 3308 779 3388 Ν.,
807 3310 867 3375 sed
887 3310 952 3376 iam
972 3332 1072 3397 supra
1100 3313 1183 3395 3.1.
1215 3312 1265 3376 di-

108 3414 296 3502 sponimus,
322 3411 407 3498 legis
433 3411 521 3475 illius
543 3410 646 3477 uerbo
665 3411 862 3497 generaliter
890 3410 933 3477 ad
962 3412 1134 3479 seruitutes
1161 3413 1267 3481 reales

107 3513 313 3582 redhibenda
333 3534 424 3590 esse,
452 3534 521 3577 non
541 3512 707 3599 propriam
725 3511 917 3579 seruitutum
938 3512 1147 3599 praediorum
1167 3514 1265 3582 urba-

7 3639 8 3706 }
108 3640 228 3684 norum
248 3626 396 3681 naturam
415 3612 611 3679 describere.

215 3718 327 3802 Quum
353 3737 435 3781 uero
463 3714 545 3779 haec
572 3714 645 3801 ipsa
671 3712 784 3801 opinio
813 3714 994 3783 luculenter
1016 3718 1154 3803 exprimi
1176 3718 1265 3785 dica-

7 3883 12 3926 ,
109 3832 160 3885 tur
183 3842 204 3883 a
225 3818 441 3883 Tuncrnmo
472 3816 513 3882 ad
535 3817 567 3899 3.
591 3818 618 3882 1.
639 3816 664 3879 I.
686 3816 727 3879 de
746 3837 844 3894 serm,
872 3817 943 3883 eius
964 3817 1066 3885 uerba
1088 3820 1266 3907 paullisper

107 3920 201 3987 lubet
220 3918 396 4006 inspicere:

211 4024 252 4114 „ip
295 4020 383 4095 doce
422 4052 483 4113 μοι
529 4022 656 4103 {istaut
695 4028 779 4103 cosle
828 4027 1043 4113 σταλαγμούς
1078 4025 1154 4116 ἤτοι
1188 4029 1266 4107 τούς

215 4130 377 4218 κρουνοῦς
410 4130 490 4205 τούς
527 4127 599 4196 ἀπὸ
640 4125 710 4196 τῶν
743 4125 835 4213 epau
874 4130 1031 4217 κεράμων
1078 4132 1266 4216 ἐκπέμπειν

214 4233 301 4298 κατὰ
327 4227 397 4298 cciv
422 4229 494 4298 σῶν
520 4230 705 4317 δωμάτων,
744 4226 871 4318 decad
897 4230 959 4298 τοῦ
985 4228 1048 4297 σοῦ
1070 4234 1264 4317 peractoc·

214 4328 291 4418 ἢσι)
310 4334 396 4417 rixae
412 4330 573 4401 cosodrcv
595 4334 734 4402 δίκαιον
752 4334 840 4403 scat
866 4329 935 4403 vcia
959 4330 1049 4419 ipsiu
1075 4334 1266 4422 οἰκημάτων
