3067 5117
1207 425 1268 500 η’»

107 585 199 652 nulla
216 609 360 672 unquam
378 587 606 673 exstiterit⁶²).
654 587 766 670 Quum
794 584 882 651 enim
909 580 1090 649 concedere
1119 580 1267 666 quisquis

106 687 244 765 debeat,
266 687 357 752 uelut
378 688 527 753 homines
550 697 678 754 exstent
700 697 733 753 et
750 685 846 751 liberi
866 695 898 750 et
922 681 1023 758 serui,
1044 682 1090 747 ita
1110 693 1142 747 et
1162 681 1266 746 libera

104 799 136 852 et
169 811 238 853 non
271 788 374 854 libera
408 801 535 854 exstare
567 790 729 867 dominia,
769 799 801 853 et
841 784 1021 850 dominium
1057 781 1265 848 seruitutibus

105 889 259 953 obrutum
282 888 493 954 nihilominus
514 890 695 956 dominium
716 908 920 976 permanere,
942 885 1027 951 hanc
1049 883 1186 950 dominii
1206 882 1265 948 de·

100 989 285 1054 finitionem
305 990 407 1056 multo
431 1011 505 1057 esse
527 991 749 1078 angustiorem
771 990 835 1066 ait,
880 1000 911 1054 et
935 1011 1020 1074 quae
1042 987 1084 1053 ad
1105 1007 1266 1050 summum

103 1100 229 1154 tantum
258 1090 437 1157 dominium
466 1092 630 1158 redhiberi
657 1091 772 1179 possit.
818 1092 894 1177 Ipse
925 1090 1057 1175 quidem
1082 1088 1216 1152 vas
1246 1108 1266 1150 a

102 1213 165 1256 sua
187 1191 377 1258 definitione
398 1193 624 1280 prostituenda
643 1203 736 1258 caute
757 1192 929 1270 abstinuit,
958 1189 1164 1257 ratiocinium
1183 1208 1264 1252 uero

102 1293 194 1378 quod
228 1294 414 1380 proposuit,
449 1295 566 1360 mirum
599 1294 764 1379 quandum
793 1293 983 1360 dexteritate
1015 1315 1076 1358 sua
1108 1310 1145 1354 se
1173 1309 1263 1354 com·

100 1393 247 1459 mandat.

210 1495 300 1578 Quid
330 1497 371 1561 sit
393 1519 514 1582 equus,
552 1497 771 1582 interrogatus
800 1495 935 1581 aliquis,
972 1491 1092 1579 equum
1118 1493 1263 1578 undique

104 1597 279 1683 descripsit
308 1599 443 1682 eiusque
476 1596 646 1682 qualitates
677 1598 722 1663 ita
743 1597 914 1683 exposuit,
941 1608 978 1661 ut
998 1595 1184 1680 quicunque
1204 1595 1262 1660 dc·

105 1699 318 1786 scriptionem
344 1699 438 1763 istam
469 1698 612 1775 audiret,
644 1697 750 1763 statim
780 1722 900 1784 equum
924 1696 1080 1784 intelligi,
1116 1695 1262 1762 animad-

99 1810 251 1864 uerteret.
292 1801 362 1865 Iam
383 1798 489 1864 subito
513 1797 593 1864 alter
613 1799 753 1878 exstitit,
778 1811 811 1865 et
837 1801 987 1877 „chs,“
1018 1797 1133 1883 inquit,
1158 1795 1262 1876 „falsa

102 1911 152 1964 est
176 1899 409 1965 demonstratio
437 1897 528 1964 Tual
571 1900 623 1964 Tu
651 1923 771 1986 equum
795 1911 919 1965 tantum
950 1899 1126 1986 perlectum
1156 1908 1188 1963 et
1209 1898 1262 1962 cui

101 2001 183 2065 nihil
207 2001 311 2079 desit,
329 2001 425 2066 nobis
448 2000 602 2085 pinxisti,
623 2012 655 2066 at
676 2023 755 2067 uero
776 2002 851 2086 equi
873 2001 925 2067 uel
949 2000 1077 2087 plurimi
1100 1997 1179 2064 uitio
1201 1999 1261 2064 ali-

102 2125 168 2186 quo
203 2102 370 2179 laborant,
422 2123 479 2166 eur
508 2101 623 2166 uitium
656 2123 755 2188 posse
788 2104 923 2181 adesse,
972 2099 1008 2166 in
1038 2098 1262 2166 definitionem

101 2205 211 2268 Trium
232 2227 300 2268 non
321 2202 473 2287 recepisti
482 2204 519 2266 ?“

206 2306 348 2371 Prorsus
370 2304 486 2370 eodem
508 2304 607 2370 modo
624 2306 756 2372 Panna
779 2325 955 2392 aggressus
977 2316 1026 2371 est
1045 2301 1183 2367 dominii
1202 2301 1261 2367 de·

101 2406 285 2471 finitionem
309 2415 339 2470 et
362 2415 600 2489 consequenter
621 2417 739 2473 statuat
761 2431 844 2494 opus
870 2415 936 2485 est,
960 2406 1057 2473 etiam
1076 2426 1180 2490 equos
1201 2403 1261 2470 ali-

104 2518 154 2571 ter
177 2506 306 2571 definiri
326 2529 393 2571 non
415 2527 530 2592 posse,
562 2505 625 2570 nisi
648 2508 676 2572 si
698 2507 804 2572 statim
825 2509 860 2573 in
881 2529 980 2573 sanos
1000 2517 1032 2574 ct
1052 2507 1189 2574 uitiosos
1209 2505 1261 2570 di-

104 2607 323 2685 stribuantur,
346 2629 422 2672 nam
443 2617 474 2672 et
495 2607 632 2673 uitiosos
652 2609 864 2674 nihilominus
887 2631 990 2695 equos
1011 2631 1214 2696 permanere.

208 2709 276 2776 Sed
297 2731 338 2772 nc
357 2708 498 2773 iocando
529 2721 815 2796 argumentorum,
838 2733 922 2797 quae
944 2733 1122 2797 opponam,
1144 2710 1261 2776 debili·

102 2819 201 2874 tatem
234 2819 345 2895 tegere
379 2809 465 2874 uelle
499 2810 630 2888 uidear,
670 2812 785 2878 Pario
819 2835 907 2878 nune
936 2812 1021 2876 serio
1057 2809 1262 2894 repondere,

104 2910 195 2997 quod
219 2932 258 2976 eo
282 2911 519 2995 quammaxime
541 2911 625 2976 inter
643 2935 678 2978 se
697 2913 852 2978 differunt
872 2912 1053 2978 dominium
1073 2912 1212 2977 liberum
1232 2922 1264 2977 et

102 3036 172 3077 non
191 3012 349 3078 liberum.
380 3012 468 3097 quod
488 3013 668 3077 dominium
695 3014 835 3080 liberum
871 3023 920 3079 est
959 3024 1094 3091 natura,
1127 3033 1195 3076 non
1220 3010 1262 3075 li-

103 3116 220 3180 berum
246 3113 415 3179 hominum
443 3112 609 3180 uoluntate
641 3137 678 3180 ao
706 3115 843 3181 statutis.
896 3113 1015 3180 Omnis
1041 3112 1181 3179 seruitus
1204 3134 1262 3179 ex-

101 3215 288 3301 ceptionem
301 3215 455 3292 continet,
477 3221 584 3299 noque
601 3225 723 3280 certum
744 3215 918 3301 quicquam
940 3225 990 3281 cst
1010 3213 1102 3280 notio
1125 3212 1263 3279 seruitu-

101 3317 155 3392 tis,
178 3315 237 3380 sed
258 3315 447 3382 innumerae
466 3316 530 3382 hoc
551 3317 683 3382 nomine
704 3316 828 3382 formae
849 3315 1180 3403 comprehenduntur,
1202 3314 1263 3379 do-

102 3417 240 3481 minium
261 3439 340 3482 uero
370 3416 485 3482 stabile
506 3427 555 3482 est
576 3428 607 3482 et
627 3437 757 3504 semper
778 3417 876 3483 idem.
918 3417 956 3485 Si
984 3417 1063 3503 quid
1091 3438 1170 3482 uero
1193 3437 1264 3481 ecr-

103 3519 145 3582 tis
172 3517 316 3604 praediis
345 3517 483 3584 certisue
505 3517 656 3604 personis
685 3518 726 3585 de
758 3530 872 3584 nostro
901 3519 973 3584 iure
1005 3529 1117 3584 nostra
1145 3517 1264 3582 uolun-

102 3632 168 3686 tate
197 3620 474 3697 concesserimus,
504 3641 543 3684 eo
576 3641 644 3684 non
675 3618 726 3685 ius
757 3643 918 3685 summum
947 3629 1095 3684 nostrum
1116 3619 1269 3683 uidemur

100 3720 367 3808 perdidisse,
392 3719 450 3784 sed
472 3731 585 3786 contra
598 3733 700 3786 certas
721 3744 880 3808 personas
901 3731 1030 3787 oertaue
1050 3718 1185 3806 praedia
1204 3740 1265 3783 re·

104 3821 285 3888 strinxis
296 3843 346 3888 sc.
376 3820 501 3888 Contra
514 3822 595 3888 alios
617 3845 731 3888 omncs
748 3845 840 3888 suam
852 3821 920 3886 uim
937 3844 974 3889 ac
995 3831 1188 3907 potestatem
1204 3819 1265 3885 do-

149 4025 349 4038 -n—-u-——nn-

142 4162 189 4231 ⁶²)
207 4163 248 4217 Ne
268 4166 328 4232 qais
348 4179 406 4217 rem
426 4165 516 4216 uerbis
535 4179 577 4215 mc
596 4179 661 4216 exa·
713 4165 838 4233 richtip,
855 4165 911 4218 rate
930 4165 1055 4234 atrpead
1065 4163 1098 4232 je
1115 4165 1179 4234 ctae
1196 4163 1267 4233 aas·

103 4273 215 4323 sperare
245 4265 337 4324 putet,
369 4259 428 4322 ipsa
458 4258 542 4308 Paru
578 4259 662 4307 uerba
712 4260 827 4326 pestettt
844 4257 965 4310 acordea
982 4257 1049 4309 tat.“

103 4365 230 4416 appono:
251 4349 333 4417 „Uno
350 4351 421 4402 doctr
439 4350 478 4401 ist
496 4350 539 4400 ste
556 4362 588 4400 so
605 4361 662 4399 rra·

1078 4448 1117 4516 15
