3067 5117
1219 355 1262 423 53

113 510 200 597 pillus
228 508 323 589 uiuit,
365 506 576 575 hereditatem
601 515 834 593 postmortem
853 506 925 575 eius
957 530 1000 574 ex
1033 505 1262 575 substitutione

111 611 229 679 adisset.
431 689 433 693 Ι

199 713 326 791 Porro,
359 734 458 799 quum
485 710 681 789 uiderimus,
711 710 821 797 quoad
854 733 987 777 sensum
1009 708 1258 799 praeferendam

108 836 171 887 esse
193 837 309 881 eorum
332 812 642 899 interpretationem,
664 812 720 897 qui
742 812 943 890 „alterum
964 812 1258 879 substitutum“

107 938 171 981 cum
189 914 253 981 dici
272 913 517 1005 proposuerint,
537 910 577 979 de
599 934 664 997 quo
676 912 811 977 uixdum
827 913 930 980 uerba
950 914 1035 981 iacta
1053 914 1182 979 fuerant
1193 914 1259 999 ⁸²),

18 1078 19 1095 ,
107 1014 345 1103 disquirendum
369 1026 434 1095 est,
454 1014 611 1101 quidnam
633 1014 839 1081 commendet
858 1016 939 1083 ratio
958 1015 1178 1103 grammatica.

18 1106 19 1109 ¹
197 1118 276 1201 Qua
299 1116 334 1182 in
355 1140 391 1183 re
415 1127 538 1184 certum
571 1129 641 1195 est,
674 1138 781 1183 errare
800 1116 1082 1196 Prounruurvra,
1117 1116 1174 1203 qni
1206 1114 1255 1181 la-

103 1220 161 1284 tina
179 1218 325 1285 dictione
349 1218 491 1284 alienum
512 1238 585 1285 esse
606 1216 790 1295 contendit,
818 1217 899 1285 haec
922 1218 1024 1285 uerba
1053 1216 1257 1285 adeundam

101 1320 218 1398 referri,
250 1320 382 1407 dequo
405 1319 506 1386 modo
531 1318 651 1385 dictum
680 1329 764 1385 erat:
796 1319 920 1385 namsi
942 1342 1020 1386 uere
1044 1342 1173 1407 semper
1194 1340 1255 1405 op-

101 1421 209 1508 positio
227 1422 325 1489 fieret
346 1420 429 1488 inter
462 1443 578 1489 uocem
608 1417 781 1499 „alter“
817 1420 869 1486 bis
901 1420 1058 1507 deinceps
1092 1419 1254 1497 usitatam,

101 1524 236 1609 —quod
261 1545 426 1610 europus
450 1522 510 1601 sit,
542 1544 585 1587 ne
616 1520 784 1587 leuissima
805 1522 937 1607 quidem
971 1522 1053 1589 ratio
1077 1533 1143 1600 est,
1179 1546 1256 1587 nam

101 1625 244 1702 „alter“
270 1624 436 1711 significat
455 1646 599 1703 „unum
620 1644 669 1689 ex
690 1622 877 1689 duobus“
899 1661 940 1672 —
962 1626 1017 1709 qui
1038 1623 1159 1689 factum
1180 1647 1254 1690 esse

18 1764 19 1767 =
98 1736 256 1812 putemus,
283 1726 446 1793 utstatim
467 1724 753 1811 insequentibus:
798 1724 927 1809 „Quid
964 1735 1100 1791 tamen
1134 1725 1253 1791 dice·

18 1820 19 1875 ἶ
99 1828 243 1895 musde
267 1826 406 1895 altero
430 1826 712 1906 substituto,“
751 1826 866 1892 uitium
886 1826 1251 1893 Parmauvsadmis-

99 1928 203 1997 sisset?
244 1930 344 1995 Haec
367 1928 454 1995 enim
472 1928 575 1995 uerba
594 1927 709 2015 procul
733 1928 851 2006 dubio,
876 1926 904 1992 si
924 1928 1149 1993 Psoanmnn
1169 1927 1252 1992 ratio

98 2042 175 2099 recta
195 2042 306 2109 esset,
344 2029 386 2095 ad
407 2028 548 2096 eundem
568 2028 661 2095 illum
682 2028 896 2115 quadrarent,
937 2028 992 2115 qui
1024 2028 1160 2094 uixdum
1192 2049 1253 2115 per

98 2134 188 2201 uerba
208 2133 427 2215 „alterum
447 2128 767 2197 substitutum“
801 2130 962 2197 indicatus
987 2140 1066 2195 erat.
1107 2129 1177 2199 Sed
1197 2152 1251 2196 re-

98 2258 166 2301 uera
184 2235 268 2323 ipsis
290 2232 355 2299 illis
376 2231 507 2298 uerbis:
529 2231 674 2315 „Quid
702 2243 840 2299 tamen
862 2231 1079 2299 dicemus“
1102 2243 1164 2300 ete.
1186 2254 1248 2319 op·

18 2292 20 2367 l
98 2336 205 2421 positio
235 2338 370 2403 demum
398 2333 482 2399 inter
508 2342 680 2419 utrumque
712 2334 919 2401 substitutum
947 2333 1128 2413 inducitur,
1161 2334 1252 2421 quod

18 2436 19 2445 ’
98 2436 271 2505 luculenter
293 2436 502 2504 confirmatur
519 2435 628 2503 uerbis
651 2437 786 2505 adiectis
824 2435 1028 2520 „quinon
1059 2447 1124 2502 est
1146 2459 1248 2501 one-

18 2590 20 2649 q
97 2548 245 2605 ratus.“
304 2540 349 2603 Et
368 2536 450 2604 haec
469 2538 618 2624 quidem,
649 2562 746 2625 quam
780 2537 1057 2624 improbauimus,
1097 2536 1169 2603 sola
1201 2547 1251 2603 est

18 2650 20 2739 q
100 2662 202 2707 eorum
231 2640 316 2707 ratio
346 2640 574 2727 grammatica,
596 2640 652 2725 qui
672 2639 775 2707 uerba
807 2639 1012 2718 „alterum
1040 2637 1249 2706 substitu-

99 2749 195 2807 tum“
228 2742 273 2808 ad
295 2764 386 2819 eum,
415 2741 471 2829 qui
491 2764 559 2807 non
581 2753 649 2807 erat
671 2750 842 2819 oneratus,
863 2740 1013 2807 referant.
1056 2739 1250 2808 Contrarias

99 2854 195 2909 autem
216 2843 412 2911 sententiae*
424 2841 546 2929 duplex
566 2853 735 2929 praeterea
756 2842 881 2909 exsistit
901 2841 1149 2908 adminiculum:
1179 2842 1248 2928 pri·

98 2966 192 3023 mum,
240 2944 330 3031 quod
366 2954 512 3031 apertum
548 2954 618 3021 est,
669 2944 771 3011 uerba
826 2944 1041 3031 „perinde
1086 2942 1249 3024 huic⁶³)

18 3068 20 3141 q
99 3057 286 3129 quartam
315 3042 671 3133 relinquendam“
709 3045 750 3113 ad
773 3046 980 3113 substitutum
1001 3043 1042 3111 ab
1064 3044 1156 3110 initio
1178 3067 1248 3112 me-

18 3144 20 3191 l
99 3156 249 3213 moratum
270 3146 382 3215 referri
406 3158 573 3234 oportere,
595 3170 702 3232 neque
723 3158 831 3214 tamen
852 3170 935 3214 uoce
956 3145 1118 3226 „huic“
1139 3169 1247 3213 remo-

100 3247 153 3311 tius
176 3249 358 3315 subiectum
381 3249 559 3337 significari
576 3272 691 3336 posse:
730 3249 861 3328 deinde,
886 3248 974 3336 quod
1008 3247 1088 3313 mihi
1120 3247 1249 3315 uidetur

100 3370 162 3415 esse
183 3350 435 3439 grauissimum,
460 3350 537 3417 licet
558 3349 598 3417 ab
620 3350 850 3437 interpretibus
869 3350 995 3437 negligi
1015 3348 1138 3426 soleat,
1159 3351 1249 3436 quod

100 3450 135 3515 ad
153 3452 255 3519 uerba
286 3451 431 3530 „ultra
452 3451 567 3517 uires
589 3452 834 3539 portionis“
866 3452 999 3519 omnino
1022 3451 1168 3538 suppleri
1188 3475 1247 3519 ne-

101 3552 160 3635 quit
178 3554 337 3631 „eius“
359 3551 418 3619 sed
439 3553 647 3639 grammatice
669 3554 751 3621 duce
774 3553 855 3619 nihil
876 3553 966 3619 aliud
984 3553 1049 3620 nisi
1072 3562 1247 3633 „suae,“

100 3652 176 3721 unde
197 3653 276 3721 satis
294 3674 457 3740 superque
478 3654 594 3721 moniti
618 3677 692 3723 esse
711 3656 878 3735 uidemur,
914 3664 951 3721 ut
983 3664 1052 3721 tota
1080 3655 1142 3722 hac
1163 3655 1262 3743 legis,

131 3960 174 4028 6ἱ)
192 3962 235 4015 lta
251 3962 306 4015 iam
321 3960 461 4015 Cvrsmn
480 3968 507 4013 et
527 3963 643 4015 Doara·
694 3979 738 4015 sro
751 3964 860 4029 auspice
871 3979 970 4017 nocem
984 3962 1096 4030 „huic“
1114 3966 1151 4015 ad
1163 3978 1245 4031 qaae-

101 4064 145 4102 avs
181 4058 215 4105 ad
243 4056 270 4105 h.
298 4056 326 4119 l.,
364 4060 463 4119 postca
497 4056 642 4120 praecipue
694 4057 792 4108 ationis
811 4059 969 4122 propositae
988 4057 1074 4108 uerba
1102 4060 1246 4123 „possit

101 4143 258 4199 Hrscnarvs
283 4152 312 4197 et
329 4146 541 4199 Varanrovrvs
567 4149 596 4198 ll.
614 4148 644 4199 11.
690 4148 865 4199 inducere
884 4149 1131 4202 substitutus“
1150 4151 1246 4202 referri

103 4234 161 4286 haec
178 4240 261 4289 uerba
278 4238 425 4305 explicant.
693 4242 802 4304 debere,
820 4242 879 4293 sine
897 4242 954 4293 ullu
970 4242 1077 4295 ratione
1095 4244 1244 4297 contendit.

134 4325 176 4393 ω)
191 4330 399 4387 honoramus
417 4348 444 4397 p.
458 4330 499 4385 tu.
526 4330 642 4387 Acova·

1207 4530 1225 4561 Ν
