3067 5117
1212 431 1275 499 217

107 579 233 646 seilicet
254 601 345 658 esse,
379 589 485 646 utrum
507 579 542 645 in
563 579 730 646 ordinario
755 581 828 666 quis
849 581 1058 667 possessorio
1081 577 1206 657 uicerit,
1230 603 1273 646 sn

107 693 199 747 actor
214 681 567 768 quasipossessionem
588 683 667 747 iuris
690 683 797 748 statim
817 683 849 749 ei
869 682 1104 759 concesssrit,“
1125 682 1161 747 ld
1182 681 1272 767 quod

105 781 191 848 male
215 783 426 850 Gnvucmvs
445 782 667 870 praeteruidit,
689 783 747 850 sed
767 783 949 849 luculenter
971 805 1071 868 quum
1091 783 1269 849 innumeris

104 884 188 950 locis
233 895 357 970 pateat,
412 908 602 972 expressum
644 884 708 952 hoe
750 896 800 951 est
842 886 884 950 L.
916 887 944 953 1.
987 885 1019 968 S.
1048 887 1078 953 3.
1124 884 1166 951 dc
1206 885 1266 950 int.

103 989 146 1056 V.
167 987 207 1052 P.
236 987 457 1071 (XXXXIII,
481 988 555 1071 17.).
598 985 650 1051 Cf.
672 988 926 1054 Vonusncmvs
949 987 980 1069 §-
1001 987 1043 1052 9..

209 1088 329 1171 Quoad
350 1111 429 1154 uero
455 1086 772 1164 summariissimum,
800 1088 854 1153 uel
877 1087 939 1154 hac
958 1087 993 1152 in
1014 1110 1049 1152 re
1066 1097 1189 1154 rectum
1210 1088 1261 1153 ui-

102 1189 150 1253 dit
171 1189 406 1266 Soummvs,
446 1211 545 1274 quum
565 1188 637 1253 fieri
656 1188 771 1276 procul
793 1189 893 1256 dubio
915 1189 1037 1276 possit,
1074 1199 1110 1253 ut
1138 1211 1260 1254 meram

100 1289 320 1356 detentionem
340 1301 467 1357 tueatur
485 1289 795 1356 summariissimum.
849 1291 917 1359 Sed
938 1312 1038 1375 quum
1058 1289 1165 1354 iuris
1186 1301 1259 1356 tan·

99 1401 178 1468 tum,
201 1414 284 1477 quae
305 1391 435 1470 dicitur,
456 1389 691 1456 naturalem
711 1393 957 1477 possessionem
979 1390 1199 1486 Sonurr'rrvs
1218 1392 1258 1457 ab

100 1515 201 1558 onere
221 1492 383 1578 probandi
409 1515 500 1557 reum
530 1489 669 1558 liberare
693 1493 800 1572 dieat,
837 1491 1043 1556 manilestum
1076 1503 1143 1568 est,
1184 1515 1259 1558 eum

97 1617 215 1659 reuera
245 1618 266 1659 a
297 1593 460 1659 communi
496 1593 759 1659 aduersariorum
784 1591 944 1659 sententia
967 1614 1034 1656 non
1055 1590 1257 1670 discessisse,

99 1695 158 1760 sed
179 1695 319 1760 strictius
341 1705 464 1762 tantum
485 1695 748 1782 possessionem,
782 1694 887 1780 qualis
921 1714 993 1758 esse
1026 1692 1163 1772 debeat,
1196 1693 1255 1761 de·

96 1796 255 1864 finiuisse.
269 1801 317 1880 ⁵³)

199 1899 314 1985 Neque
332 1898 396 1964 alie
418 1909 467 1964 est
488 1899 570 1964 ratio
592 1899 730 1966 Fmrzn
749 1922 782 1986 p.
805 1900 894 1976 371„
924 1898 981 1983 qui
1001 1919 1070 1962 non
1091 1907 1157 1962 tam
1175 1920 1255 1984 pro·

94 2010 167 2086 pter
195 2023 278 2067 onus
311 2001 473 2088 probandi
507 2000 650 2066 alterutri
685 1999 940 2086 iniungendum,
979 1998 1038 2065 sed
1069 2010 1253 2085 propterca,

95 2102 184 2188 quod
204 2103 239 2167 in
260 2103 468 2168 seruitutibus
488 2102 616 2168 rusticis
638 2101 759 2188 quippe
779 2123 862 2186 quae
880 2101 1024 2192 repetitis
1045 2098 1137 2164 factis
1157 2122 1252 2165 exer-

95 2216 246 2280 ceantur,
274 2204 348 2289 ipsa
367 2202 532 2290 possessio
556 2203 686 2270 diuerso
709 2227 807 2288 quam
830 2202 864 2266 in
886 2202 1021 2287 reliquis
1043 2200 1251 2267 seruitutibus

92 2307 193 2371 modo
217 2304 337 2371 habere
362 2327 433 2370 sese
455 2303 622 2381 uideatur,
644 2303 850 2389 possessorio
873 2324 956 2391 opus
978 2325 1051 2368 esee
1074 2302 1251 2380 contendit,

92 2422 128 2472 ut
158 2406 291 2472 omnino
322 2405 517 2483 stabiliatur,
548 2405 696 2490 quisnam
726 2403 905 2492 possideat.
954 2400 1006 2471 Of.
1030 2402 1251 2471 Scssrnfrlvs

91 2533 125 2594 p.
148 2511 210 2578 22..

197 2610 310 2694 Itaque
345 2607 555 2674 Guvsemva
589 2607 734 2672 remanet
766 2607 867 2672 solus.
926 2607 1042 2692 Neque
1076 2618 1184 2675 tamen
1215 2607 1250 2673 in

91 2732 184 2776 suam
205 2734 266 2776 uos
288 2709 478 2798 opinionem
498 2710 618 2797 poterit
638 2709 828 2796 perducere.
884 2707 1038 2773 Dubitari
1064 2709 1151 2775 enim
1181 2731 1250 2776 non

90 2822 216 2898 potest,
239 2813 328 2898 quod
352 2813 474 2877 dudum
498 2811 561 2876 uiri
584 2810 672 2876 docti
692 2820 932 2897 exposuerunt,
961 2809 1039 2896 quin
1060 2809 1095 2874 in
1115 2833 1249 2899 posses·

91 2915 180 2979 sorio
203 2916 337 2980 omnino
358 2937 426 2980 non
441 2913 482 2978 de
503 2913 594 2977 iure
616 2910 878 2997 possidendi,
901 2911 959 2975 sed
980 2910 1021 2976 de
1042 2910 1136 2999 ipsa
1157 2934 1248 2998 pos·

90 3015 284 3082 sessione
305 3028 460 3096 certetur,
477 3014 579 3082 nulla
595 3013 706 3079 habita
726 3012 869 3091 ratione,
898 3034 963 3096 quo
984 3011 1056 3098 quis
1078 3011 1148 3078 iure
1167 3035 1248 3100 pos-

89 3116 204 3182 sideat.
227 3116 278 3182 Cf.
300 3119 332 3204 ὅ.
346 3120 377 3186 4.
399 3118 425 3183 Ι.
448 3117 489 3183 de
510 3117 567 3180 int.
590 3115 681 3200 (ΠΗ,
701 3116 778 3200 15)..
818 3115 933 3199 Itaque
955 3123 987 3180 et
1007 3114 1246 3202 praesumptio-

87 3242 164 3283 nem
185 3241 245 3305 pro
267 3219 414 3284 libertate
435 3216 589 3294 dominii,
611 3216 639 3280 si
660 3239 743 3301 quae
764 3227 837 3293 est,
867 3238 936 3281 non
964 3213 1111 3304 extingui
1132 3216 1246 3283 dicen-

89 3319 168 3385 dum
196 3332 243 3386 est
268 3320 484 3407 possessorio.
527 3318 579 3384 cf.
607 3319 838 3402 Bossr1vs§.
860 3317 929 3395 85„
955 3317 1192 3385 Kuonrznsvs
1211 3343 1245 3408 p.

85 3423 150 3500 20,
174 3446 207 3508 p.
231 3421 639 3504 102.‚vomsscn1vs§.
661 3423 703 3497 9.,
725 3421 946 3487 Scnrurnrvs
963 3443 996 3506 p.
1018 3420 1080 3497 21,
1101 3421 1246 3488 Vsusn-

85 3542 221 3589 Rovlvs
244 3524 275 3606 §.
296 3526 366 3593 353.
387 3548 420 3588 n.
442 3527 471 3592 2.
494 3524 553 3591 sub
575 3525 616 3601 3,
640 3521 852 3608 quamobrem
874 3521 902 3586 si
926 3521 999 3606 quis
1018 3518 1053 3584 in
1071 3543 1246 3607 possesso·

84 3733 288 3748 -ιι--ι

124 3896 168 3963 ⁵³)
195 3900 256 3949 Huc
286 3894 366 3946 etiam
398 3892 463 3946 facit
486 3893 641 3944 Somnus·
692 3888 772 3954 quasi
788 3886 967 3954 possessione
988 3881 1141 3948 seruitutis,
1168 3891 1246 3936 sotor

84 4006 149 4055 nus,
170 3990 217 4054 qui
247 3990 330 4039 alium
349 3987 442 4038 libello
464 4001 514 4036 suo
534 3985 640 4034 titulum
691 3983 720 4032 ln
747 3982 855 4030 actione
871 3975 1026 4039 'negatoria
1055 3976 1245 4039 probationem

82 4083 224 4148 praefixit,
260 4081 335 4131 allud
371 4079 469 4129 deinde
506 4077 640 4142 probauit.
690 4071 822 4122 libertatis
846 4085 863 4120 s
886 4068 1017 4119 seruitute
1043 4067 1180 4131 suscipere
1200 4070 1246 4118 dc·

82 4176 187 4226 Vltima
204 4172 276 4223 enim
294 4171 533 4222 eiusnerbasunt:
552 4171 640 4233 „Hine
690 4167 779 4218 beet.“
817 4157 1020 4228 Quaep.138.
1046 4159 1245 4222 depossesso·

83 4263 322 4318 commentationis
357 4263 438 4313 huius
466 4261 637 4327 propositum
688 4260 729 4312 n’o
753 4258 835 4321 dixit,
855 4253 922 4306 noui
941 4251 1008 4303 nihil
1028 4251 1178 4303 continent.

81 4359 121 4410 ite
155 4358 288 4410 soluitur:
324 4357 381 4421 Vt,
409 4355 432 4405 si
459 4369 523 4406 reus
553 4352 588 4404 sit
605 4353 635 4404 in
979 4429 1043 4499 14*
