3067 5117
678 781 710 864 §-
729 779 782 849 aa

549 947 628 1000 VIII.
648 944 866 998 CONCLVSIO.

235 1113 413 1197 Hucusque
441 1134 566 1179 summa
594 1134 654 1198 pro
687 1111 826 1177 diuersis
857 1106 1068 1194 opinionibus
1098 1119 1290 1195 argumenta

126 1211 204 1274 satis
225 1210 404 1277 illustrasse
427 1222 458 1277 et
480 1212 551 1279 sine
572 1225 781 1300 praesumpta
800 1210 957 1298 opinione
971 1209 1167 1286 diiudicasse
1188 1211 1284 1277 nobis

125 1312 346 1396 uidemurss).

229 1415 283 1480 Ex
304 1413 489 1495 iis'autem,
518 1440 601 1502 quae
625 1413 880 1502 disputauimus,
910 1412 1005 1478 simul
1026 1413 1194 1500 apparuit,
1223 1438 1285 1502 pro

123 1536 318 1600 possessore
339 1514 419 1579 nihil
441 1527 535 1594 stare,
558 1517 586 1582 si
608 1517 759 1583 dominus
783 1525 897 1581 eontra
914 1538 987 1580 eum
1007 1516 1200 1593 surrexerit,
1223 1538 1283 1582 ne·

124 1637 188 1700 que
211 1617 308 1681 etiam
329 1615 400 1682 aliis
423 1617 463 1683 de
485 1619 628 1696 caussis,
661 1618 689 1683 si
710 1626 824 1682 eontra
843 1639 1068 1703 possessorem
1095 1627 1189 1703 agat,
1220 1618 1282 1684 do-

121 1715 211 1780 mino
234 1715 391 1782 libertatis
415 1718 642 1804 probationem
669 1716 905 1804 iniungendum
935 1740 1018 1783 esse.
1063 1717 1177 1803 Itaque
1204 1743 1282 1806 gra-

121 1816 256 1882 uissima
295 1830 420 1884 remota
463 1821 623 1886 sententia
660 1806 705 1886 eu¹
737 1828 837 1884 restat
876 1818 1132 1898 consideranda,
1182 1845 1280 1907 quam

120 1919 351 1985 Seuumrrrvs
376 1920 550 2005 aliquando
573 1921 762 2008 proposuit,
793 1917 885 1986 cuius
905 1930 1021 2006 postea
1046 1921 1277 2000 seminemus,

118 2021 272 2108 Parlve,
310 2021 577 2088 Zmuonncmvs
601 2020 744 2087 asseclae
765 2021 973 2098 exstiterunt,
1001 2021 1180 2088 Fnartclffl
1200 2023 1276 2088 illu-

119 2119 234 2186 dentes
266 2123 455 2208 praesagia,
489 2123 545 2208 qui
576 2123 648 2188 fieri
677 2122 741 2187 hoc
767 2143 866 2209 posse
899 2132 1098 2208 negauerat,
1121 2124 1171 2210 (p.
1200 2126 1277 2209 tlt).

117 2223 212 2287 Haec
232 2245 311 2287 uero
334 2224 459 2309 opinio,
497 2246 594 2308 quam
622 2223 692 2308 ipse
723 2223 793 2288 eius
817 2232 929 2287 auctor
955 2234 1089 2308 propter
1111 2225 1216 2290 solam
1234 2228 1277 2292 L.

122 2325 169 2390 15.
201 2323 242 2387 de
276 2323 319 2389 Ο.
348 2324 389 2388 N.
422 2324 464 2389 N.
498 2323 720 2410 recipiendam
751 2345 823 2388 esse
851 2324 994 2409 putauit,
1033 2346 1132 2408 quum
1161 2349 1277 2394 reuera

117 2435 286 2510 praeterea
303 2423 512 2491 fundamento
542 2425 596 2489 uel
619 2423 707 2489 omni
729 2434 837 2489 eareat
859 2423 1090 2508 libidinisque,
1124 2449 1192 2492 non
1219 2453 1275 2494 ae-

117 2525 248 2610 quitatis
271 2525 379 2589 nutrix
401 2527 442 2589 sit
459 2535 489 2590 et
510 2525 759 2612 propugnatrix,
780 2534 868 2590 reeta
884 2524 950 2588 loci
971 2525 1026 2610 qui
1041 2527 1274 2614 suffragariui·
1331 2604 1339 2620 ι

116 2625 241 2702 deatur,
263 2625 527 2711 interpretatione
550 2626 671 2692 affatim
691 2625 892 2691 refutabitur.
932 2626 1046 2711 Itaque
1074 2627 1146 2693 sola
1175 2612 1274 2696 restat

115 2747 229 2792 eorum
262 2727 437 2803 sententia,
471 2727 526 2812 qui
552 2749 612 2812 pro
649 2726 782 2791 domino
813 2743 921 2791 actore
956 2738 1112 2792 steterunt
1151 2753 1274 2816 reoque

114 2850 244 2913 semper
258 2851 340 2892 onus
354 2827 515 2914 probandi
537 2827 793 2914 adscripserunt,
814 2827 982 2914 quiquam
999 2827 1144 2893 futilibus
1157 2841 1189 2894 et
1209 2832 1274 2919 ipsi

113 2929 203 2994 haud
224 2952 297 2995 raro
317 2930 514 3016 argumentis
536 2929 599 2994 uisi
621 2930 694 3007 sint,
713 2930 747 2994 in
769 2928 991 3014 superioribus
1010 2931 1233 3016 exposuimus.

220 3031 289 3099 Sed
311 3041 483 3117 antequam
503 3031 651 3097 ultimum
677 3028 959 3096 commentationis
978 3028 1074 3094 huius
1096 3044 1193 3118 eaput
1213 3059 1273 3121 ag-

114 3133 320 3220 grediamur,
341 3155 424 3217 opus
446 3132 522 3210 erit,
550 3143 586 3198 ut
607 3131 649 3197 ad
669 3155 741 3197 eam
762 3131 941 3219 paullisper
961 3130 1199 3199 dissensionem
1219 3159 1272 3200 re·

114 3256 293 3312 curramus,
316 3257 412 3319 quam
435 3233 475 3298 de
495 3233 649 3298 seruitute
673 3232 783 3298 debita
805 3232 954 3317 quidem,
977 3232 1124 3298 sednon
1146 3234 1191 3300 ita
1213 3236 1272 3302 de-

110 3334 198 3410 bita,
220 3335 385 3420 quomodo
408 3345 536 3400 exercet
559 3333 784 3411 aduersarius,
806 3344 926 3398 motam
948 3357 1020 3400 esse
1041 3333 1194 3400 uidimus.
1217 3335 1269 3404 cl.

113 3457 214 3520 supra
238 3438 269 3518 §·
293 3437 353 3504 18..

111 3613 313 3626 ·--———......

152 3712 198 3783 Μ)
221 3719 451 3770 Vnum-breuiter
474 3721 606 3784 attingere
632 3721 665 3772 li·
716 3727 784 3785 ctus,
812 3720 887 3786 quod
922 3734 997 3783 eum,
1033 3720 1079 3786 qui
1114 3722 1272 3776 seruitutem

110 3817 172 3862 esst
198 3817 400 3875 argumentum,
434 3815 508 3876 quod
530 3815 665 3864 Mrnren·
716 3813 1271 3879 usquedumpoesederat‚duplicitatione

110 3917 239 3954 mutunus
260 3917 288 3968 p.
309 3901 369 3955 292,
407 3905 534 3969 protulit,
572 3921 665 3971 quem·
715 3906 757 3955 ius
780 3919 859 3954 suum
876 3905 947 3954 tueri
962 3921 1062 3970 posse,
1088 3911 1272 3971 prosteruidit,

108 3996 153 4044 uis
185 3996 294 4059 scilicet,
333 3994 385 4045 nisi
421 3998 560 4058 negatoria
600 3998 667 4048 uelit
716 4003 764 4047 aut
787 3997 895 4047 actione
921 3998 1106 4062 confessoris,
1137 4008 1185 4050 sut
1205 4017 1272 4066 pos·

109 4101 204 4152 egere,
223 4088 397 4153 impediendo
416 4089 601 4140 aduersarium
620 4105 666 4139 co·
717 4090 839 4140 sessorio
856 4089 1014 4140 interdicto:
1032 4090 1079 4154 qni
1098 4092 1121 4142 si
1135 4094 1273 4156 posterius
1359 4131 1365 4143 ,

108 4194 174 4242 gere
194 4194 293 4245 posse,
316 4185 347 4228 ut
363 4179 422 4243 ipse
441 4187 504 4242 agat
524 4181 666 4231 confesso·
718 4181 845 4244 elegerit,
868 4183 1044 4235 nihilominus
1067 4183 1206 4234 dominum
1224 4188 1261 4235 sd

110 4272 182 4322 soris
209 4278 237 4322 et
254 4286 324 4322 onus
348 4272 483 4336 probandi
507 4272 605 4322 ieeireo
625 4287 667 4322 re·
719 4273 808 4336 ducet,
826 4280 857 4323 ut
873 4275 1013 4338 negatorie
1030 4289 1113 4337 agere
1135 4276 1243 4332 debeat.

109 4363 199 4430 cipiet.
236 4363 292 4417 Sed
315 4361 345 4416 In
370 4378 403 4416 eo
428 4363 528 4416 errauit
552 4362 595 4415 uir
619 4366 668 4415 do·

1009 4448 1073 4520 15*
