3067 5117
820 661 852 743 §-
873 659 923 728 21.

309 843 335 903 3·
358 851 533 907 ulscnffluu
550 851 640 904 INTER
656 851 725 912 EOS,
744 853 795 908 uu
812 852 944 904 norom
963 854 1000 905 AB
1019 854 1114 906 ouran
1133 854 1278 907 Prosunt
1298 855 1422 906 nunnus

776 940 962 994 summotus.

392 1113 436 1193 Ii,
466 1112 521 1199 qui
544 1113 645 1179 actori
664 1116 893 1202 probationem
914 1115 1070 1183 libertatis
1092 1140 1111 1181 a
1132 1113 1286 1181 seruitute
1306 1137 1373 1180 non
1392 1115 1440 1178 in-

289 1218 446 1304 iungunt‚
478 1237 591 1280 omnes
611 1215 645 1280 in
668 1238 706 1282 eo
731 1217 957 1295 consentiunt,
995 1216 1085 1302 quod
1106 1216 1242 1282 dominii
1262 1227 1349 1281 certe
1368 1240 1440 1302 pro-

288 1319 376 1383 batio
400 1317 439 1382 ab
462 1337 500 1382 eo
523 1317 565 1382 sit
586 1316 758 1404 exigenda.
799 1321 913 1404 Itaque
935 1317 1041 1383 omnis
1063 1340 1178 1402 eorum
1200 1315 1383 1384 differentia
1409 1318 1440 1383 in

289 1441 328 1486 co
346 1427 503 1495 uersatur,
525 1418 614 1504 quod
635 1419 724 1486 uarie
747 1428 900 1496 statuunt,
923 1441 981 1484 cur
1002 1417 1150 1483 sulficere
1170 1415 1320 1484 uideatur
1340 1418 1440 1484 domi-

288 1520 334 1588 nii
351 1519 511 1608 probatio.

392 1620 460 1685 Alii
481 1619 577 1697 enim,
599 1619 688 1686 uelut
706 1620 875 1700 insons,
897 1621 1062 1707 antiquam
1084 1641 1215 1685 seruare
1235 1632 1441 1706 perseuerant

286 1721 463 1799 rationem,
497 1720 584 1786 undo
606 1723 826 1808 praesumptio
852 1724 1019 1809 ,quaedam
1047 1743 1107 1808 pro
1135 1721 1272 1786 dominii
1299 1723 1440 1788 libertate

286 1824 424 1890 militare
445 1831 593 1908 putatur,
625 1821 669 1888 ita
691 1832 726 1887 ut
747 1823 893 1891 dominio
915 1821 1073 1911 probato,
1101 1821 1233 1887 libertas
1257 1823 1328 1890 eius
1349 1825 1439 1891 simul

287 1924 425 2012 probata
446 1918 496 1988 sit.

391 2028 435 2091 At
456 2024 555 2111 longe
576 2025 685 2112 plures
708 2023 737 2092 ei
762 2023 1024 2109 subscripserunt
1044 2025 1235 2102 sententiae,
1257 2047 1356 2110 quam
1369 2049 1439 2112 per-

286 2151 398 2214 peram
420 2127 626 2192 Fsssucfflvs
648 2127 908 2192 Pvnuunonulo
931 2125 1055 2190 auctori
1076 2126 1197 2202 tribuit,
1222 2126 1361 2191 dominii
1379 2128 1438 2193 soi-

285 2231 362 2296 licet
389 2229 462 2316 ipsa
494 2236 608 2293 natura
640 2227 743 2304 ellici,
765 2237 800 2290 ut
831 2225 882 2291 ius
915 2226 957 2290 sit
976 2225 1121 2304 dominc,
1145 2227 1227 2292 alios
1250 2227 1290 2292 ab
1312 2250 1375 2292 usu
1392 2227 1439 2292 rei

285 2352 363 2396 suas
386 2328 599 2405 excludendi,
637 2328 747 2413 itaque
769 2325 963 2412 simulatque
982 2325 1149 2392 dominum
1171 2327 1302 2413 quisse
1324 2329 1438 2413 proba·
1527 2412 1528 2415 Ἴ

284 2431 378 2509 uerit,
398 2441 514 2517 sponte
538 2429 680 2506 euenire,
703 2439 739 2492 ut
761 2428 860 2492 alium
880 2427 921 2492 de
943 2450 1003 2493 suo
1025 2429 1107 2507 iure,
1129 2451 1186 2495 cur
1204 2428 1358 2494 nimirum
1377 2439 1439 2493 tur-

284 2532 362 2597 bare
384 2530 488 2618 possit
509 2530 700 2607 dominium,
723 2529 863 2615 probare
884 2539 996 2615 cogat:
1044 2540 1118 2597 ante
1154 2530 1439 2597 Pvnnunonmvu

285 2634 372 2699 enim
413 2631 570 2698 distinctis
606 2631 715 2696 uerbis
745 2630 829 2697 hano
861 2631 966 2716 ipsam
996 2631 1156 2696 rationem
1184 2633 1336 2720 exprimit
1366 2633 1438 2698 Mn·

283 2753 403 2801 nunna
426 2735 469 2799 L.
490 2733 537 2796 X.
559 2725 593 2797 c(
607 2732 650 2799 V.
670 2733 701 2799 6.
722 2731 852 2798 dicens:

365 2835 476 2914 „illico
499 2831 585 2898 enim
607 2855 643 2899 ac
663 2845 810 2910 constat,
829 2834 923 2899 illum
945 2857 1016 2900 esse
1041 2833 1209 2899 dominum
1229 2833 1343 2912 fundi,
1376 2844 1437 2899 sta·
1527 2864 1528 2875 ¹

364 2937 422 3002 tim
441 2935 597 3023 probatur
617 2933 851 3001 concludenter
889 2941 952 3016 (ex
983 2944 1134 3000 natura
1163 2935 1331 3003 scilicet
1365 2936 1437 3001 do-

364 3037 498 3120 minii)
523 3058 597 3100 eum
615 3057 713 3122 posse
734 3035 837 3102 libere
858 3036 899 3103 de
922 3060 957 3102 re
980 3059 1039 3100 sua
1059 3024 1268 3120 disponere.“

386 3137 496 3203 Etiam
520 3136 612 3202 aliter
632 3137 740 3202 statuit
752 3139 1012 3213 HOFFMANNVS,
1030 3136 1070 3202 de
1082 3157 1146 3220 quo
1169 3136 1208 3201 cl.
1220 3139 1251 3220 3.
1262 3139 1324 3206 25..
1348 3139 1435 3206 Con·

283 3252 332 3306 tra
352 3239 619 3305 Zrnnonsonrvs
641 3262 674 3325 p.
696 3241 777 3306 232..

386 3340 575 3404 Losnmvs
609 3339 850 3405 distinctionem
884 3339 961 3405 lacit
988 3339 1072 3403 inter
1099 3339 1270 3405 seruitutes
1299 3343 1435 3410 urbanas

283 3453 315 3506 et
341 3440 484 3525 reliquas
534 3439 589 3524 (ol.
611 3439 695 3505 inlra
741 3443 772 3524 3.
798 3442 884 3525 33.),
937 3441 971 3505 in
1022 3438 1155 3504 urbanis
1198 3465 1332 3527 prorsus
1376 3443 1435 3510 alia
1527 3474 1528 3479 ¹

171 3581 174 3584 -
283 3543 430 3608 obtinere
451 3542 590 3619 docens,
622 3543 698 3628 quia
718 3543 752 3608 in
772 3541 822 3607 his
845 3542 994 3621 liberatio
1017 3564 1036 3605 a
1056 3540 1210 3606 seruitute
1244 3553 1276 3608 et
1302 3544 1376 3631 ipsa
1399 3545 1436 3609 sit
1527 3600 1528 3619 ξ

283 3644 433 3720 seruitus,
458 3642 709 3728 seruitutemque
731 3642 864 3728 probari
884 3643 1004 3708 deberc
1026 3641 1186 3728 explorati
1202 3643 1280 3709 iuris
1301 3646 1359 3710 sit:
1381 3645 1435 3712 sed

281 3746 366 3812 hanc
399 3743 589 3830 opinionem
626 3743 716 3808 falsis
751 3743 810 3807 niti
843 3743 1030 3831 praemissis
1058 3743 1124 3808 iam
1154 3745 1314 3824 uidimus,
1347 3747 1433 3812 nullo

283 3847 369 3912 enim
395 3845 494 3910 modo
522 3843 692 3910 seruitutes
720 3842 864 3908 urbanae
897 3866 916 3907 a
946 3843 1081 3930 reliquis
1108 3843 1171 3910 hoo
1204 3857 1355 3934 respectu
1387 3847 1433 3912 di-
1527 3890 1528 3895 κ

282 3948 498 4032 stinguuntur.
544 3945 595 4012 Of.
616 3947 647 4030 3
668 3949 709 4014 4.;
1002 3957 1005 3962 “
1399 3960 1403 3966 ’

384 4047 508 4117 Vltima
528 4049 668 4134 denique
691 4049 773 4115 ratio
796 4058 844 4115 cst
865 4049 1090 4129 Vnnnnnrun,
1124 4072 1221 4134 quam
1248 4048 1350 4116 fusius
1378 4049 1433 4115 de-

283 4149 473 4236 scripsimus
495 4164 592 4235 supra
613 4153 644 4234 3.
668 4151 727 4218 10.’.
911 4163 914 4168 ’
1201 4151 1206 4159 '
1316 4161 1321 4170 '
