3067 5117
1509 192 1510 253 l

302 362 345 433 ⁸⁴

1509 470 1510 515 l

408 514 497 583 Hinc
514 514 614 603 igitur
633 516 814 583 luculenter
836 528 885 585 est
905 517 1144 606 colligendum,
1165 520 1275 609 legata
1293 518 1448 606 principa·

303 616 390 681 libus
409 615 527 682 tabulis
547 616 660 683 relicta
681 617 775 683 tacite
792 618 827 683 in
850 618 1064 706 pupillaribus
1092 622 1229 708 repetita
1248 642 1321 687 esse
1343 619 1449 696 uideri,
1509 616 1510 653 l

305 718 395 803 quod
423 717 452 782 si
489 740 603 783 uerum
638 730 706 796 est,
739 720 876 786 omnino
910 742 978 785 non
1010 722 1219 808 intelligitur,
1256 706 1394 809 quanam
1416 724 1450 788 de

304 840 421 886 caussa
439 842 508 885 non
528 819 635 885 soluat
656 820 862 899 substitutus,
886 844 970 907 quae
991 822 1030 887 ab
1052 823 1126 909 ipso
1147 823 1320 891 uideantur
1339 824 1450 891 relicta.
1509 836 1510 909 ᾗ

307 920 360 988 Cf.
379 922 594 989 Hvscmuvs
613 920 690 988 Vol.
711 922 786 989 VII.
804 945 837 1008 p.
858 922 920 989 70..
1509 934 1510 993 ζ

409 1023 479 1091 Sed
504 1021 714 1089 uehementer
743 1023 883 1109 simplici
911 1022 986 1091 huic
1006 1023 1124 1089 rationi
1145 1023 1237 1110 leges
1261 1027 1386 1112 aliquae
1405 1047 1450 1090 re·

305 1136 473 1213 pugnant,
504 1123 581 1189 dum
608 1125 742 1211 egregie
771 1125 848 1191 aliis
871 1124 1089 1191 confirmatur.
1132 1126 1311 1195 Videamus
1331 1128 1371 1193 L.
1392 1126 1450 1193 1⁰3.

305 1229 337 1311 §-
359 1230 389 1297 2·
413 1226 454 1291 de
475 1226 564 1313 legg.
584 1226 628 1291 L:

387 1327 456 1407 „Si
483 1326 570 1392 filius
599 1351 642 1394 ex
669 1328 767 1393 uncia
785 1326 879 1393 heres
901 1326 1064 1393 institutus
1085 1329 1144 1408 sit,
1175 1331 1269 1397 stab
1294 1330 1453 1415 eclegata
1509 1318 1510 1407 l

386 1430 463 1496 data
483 1428 565 1506 siut,
582 1428 702 1495 habeat
722 1438 754 1494 et
776 1428 995 1506 substitutum,
1017 1428 1137 1495 deinde
1160 1430 1335 1497 commisso
1357 1428 1451 1493 edicto

389 1554 450 1619 per
479 1530 577 1597 alium
607 1528 711 1595 filium
739 1529 865 1617 accepit
889 1530 989 1615 partis
1016 1529 1169 1597 dimidiae
1196 1532 1359 1598 bonorum
1382 1552 1451 1615 pos·

398 1631 597 1707 sessionem,
626 1631 816 1698 substitutus
838 1630 908 1695 eius
929 1643 1036 1696 utrum
1060 1654 1101 1697 ex
1121 1633 1220 1699 uncia
1238 1632 1348 1719 legata
1368 1652 1452 1717 prae·

391 1743 471 1810 stat,
499 1756 541 1797 au
568 1754 649 1798 uero
681 1754 722 1798 ex
744 1733 901 1799 semisse?
949 1733 994 1799 Et
1016 1732 1126 1797 uerius
1149 1744 1216 1810 est,
1239 1756 1281 1799 ex
1309 1732 1452 1799 semisse:

392 1836 452 1901 sed
485 1857 527 1899 ex
561 1831 658 1899 uncia
690 1833 860 1910 omnibus,
893 1856 934 1899 ex
968 1832 1101 1918 reliquis
1133 1832 1245 1899 liberis
1276 1844 1309 1899 et
1344 1854 1452 1919 paren·

391 1936 518 2002 tibus.“
532 1936 586 2019 ⁹¹]
1509 1998 1510 2007 ,

408 2035 531 2103 Casum
547 2036 609 2102 hac
631 2035 706 2122 lege
725 2035 959 2101 tractatum'ita
976 2058 1049 2101 sese
1076 2035 1197 2101 habere
1218 2046 1317 2122 puto:
1358 2036 1453 2099 Here·
1509 2072 1510 2075 =

218 2199 221 2204 .
305 2141 389 2207 ditas
405 2139 550 2207 continet
564 2135 687 2203 MCC..
722 2136 874 2223 Pupillus
894 2159 934 2201 ex
953 2136 1050 2202 uncia
1065 2135 1228 2201 institutus
1245 2134 1388 2221 exceptis
1403 2133 1452 2197 de·

306 2238 645 2316 bebatchxxxx„
669 2236 926 2305 extraneisCC..
961 2238 1131 2303 Bonorum
1142 2237 1355 2323 possessione
1365 2236 1454 2299 inter·
1509 2286 1510 2321 r

306 2341 442 2408 cedente
463 2340 608 2426 pupillus
619 2336 831 2425 accipitDC.,
854 2339 1015 2406 extraneis
1028 2339 1126 2405 debet
1134 2337 1367 2413 CLXXXX„
1387 2357 1453 2401 uum

303 2442 369 2508 hoc
380 2464 459 2507 casu
470 2441 649 2507 aduirilcm
658 2440 845 2527 portionem
853 2438 988 2507 reducta
1004 2464 1072 2507 non
1085 2440 1281 2527 suntlegata
1302 2435 1453 2505 extraneis
1509 2474 1510 2527 p

309 2544 429 2612 debita.
456 2541 630 2609 Extraneis
649 2542 815 2627 legatariis
838 2565 878 2607 ex
898 2542 996 2608 uncia
1016 2542 1113 2609 debet
1136 2540 1219 2607 OC..
1260 2540 1374 2625 ltaque
1394 2535 1453 2623 pri·

304 2669 394 2711 mum
415 2668 456 2710 ex
477 2643 593 2711 unciae
615 2642 774 2709 dodrante
785 2642 960 2729 (LXXV.)
981 2644 1159 2729 praestabit
1167 2636 1453 2713 CCCLXXXX·‚

305 2745 427 2813 deinde
448 2757 656 2831 exceptarum
677 2768 891 2832 personarum
913 2744 1022 2831 legata
1042 2768 1084 2811 ex
1111 2744 1246 2811 semisse
1276 2738 1453 2827 adaugebit.

305 2846 454 2915 Similem
489 2869 568 2913 uero
607 2846 751 2933 speciem
787 2846 820 2911 iu
845 2856 953 2913 mente
980 2844 1135 2911 habuisse
1164 2846 1390 2914 SOAEVOLAM
1418 2862 1454 2904 ex

305 2948 386 3033 ipsis
407 2947 527 3012 ultimis
548 2947 632 3033 legis
651 2959 782 3013 nostrae
803 2946 913 3012 uerbis
936 2949 1094 3034 consequi
1116 2948 1253 3013 uidetur.
1509 2932 1510 3021 l

408 3049 526 3136 Neque
546 3072 625 3115 uero
647 3049 682 3113 in
708 3048 770 3113 hac
799 3048 965 3115 decisione
999 3060 1048 3115 est
1080 3050 1245 3135 iniquitas·
1304 3040 1453 3113 Extranei
1509 3030 1510 3107 l

303 3151 391 3216 euim
412 3150 530 3236 pupilli
547 3148 695 3235 legatarii
717 3148 799 3213 sicut
821 3172 860 3215 eo
882 3161 1024 3230 tantum,
1057 3150 1146 3237 quod
1178 3148 1386 3215 substitutum
1401 3144 1453 3207 ha·

303 3252 373 3317 buit
404 3250 563 3336 pupillus,
598 3250 731 3316 omuino
778 3250 901 3335 aliquid
947 3251 1048 3337 legati
1099 3250 1232 3315 nomine
1280 3247 1453 3333 accipiunt,

304 3352 350 3417 ita
407 3350 504 3415 etiam
552 3373 652 3435 quum
702 3352 743 3416 iis
790 3351 966 3417 satisfaciat
1014 3352 1222 3443 substitutus,
1254 3374 1293 3417 eo
1343 3348 1454 3413 debent
1509 3356 1510 3405 l

304 3451 449 3517 conteuti
490 3472 585 3529 esse,
625 3452 715 3535 quod
771 3452 933 3519 bonorum
971 3452 1183 3539 possessione
1222 3474 1290 3517 nou
1323 3450 1454 3515 interce·
1509 3476 1510 3493 ἢ

310 3636 510 3645 ——---

339 3757 386 3827 ⁹¹)
404 3761 445 3825 Ii,
464 3760 511 3826 qui
526 3759 639 3823 primam
659 3761 855 3813 sentcntiama
958 3762 1026 3823 „sed
1045 3774 1080 3811 ex
1101 3760 1181 3811 uncia
1198 3759 1342 3811 omnibus“
1363 3763 1410 3807 etc.
1509 3740 1510 3787 l

301 3853 381 3903 nobis
408 3858 586 3903 memoratam
605 3852 763 3915 defendunt,
787 3855 854 3903 duce
904 3852 1043 3913 glossema
1066 3867 1127 3903 esse
1154 3853 1337 3913 contendunt,
1386 3846 1452 3911 quod

301 3943 425 3995 Cmscuo
445 3945 525 3996 Obss.
545 3946 598 3995 Ill.
618 3942 642 3993 ⁹.
660 3944 770 4005 legunt:
905 3958 986 4006 quam
1028 3943 1105 3993 nimis
1141 3946 1270 3993 audacter
1309 3944 1451 3991 correctum
1509 3918 1510 4005 l

353 4036 400 4099 „Si
423 4036 494 4087 lilius
521 4052 556 4087 cx
576 4036 656 4085 uncia
676 4037 756 4087 heres
776 4038 852 4087 insti·
905 4034 956 4097 sit,
985 4050 1043 4085 non
1069 4042 1124 4099 est,
1155 4036 1231 4099 qnod
1256 4034 1379 4097 pluribus
1406 4044 1452 4077 ex·
1509 4010 1510 4085 l

350 4132 425 4177 tutus
444 4128 495 4191 sit,
515 4128 615 4178 habeat
632 4133 660 4177 et
677 4128 852 4179 substitutum
901 4139 1046 4188 ponamus.
1082 4126 1123 4176 Cf.
1141 4119 1451 4175 Hvscuurvsvol.vll.
1509 4102 1510 4171 l

352 4226 380 4268 et
397 4220 431 4269 ab
451 4234 484 4269 eo
502 4220 592 4281 legata
610 4220 673 4269 dcta
692 4220 763 4270 sint“
902 4232 928 4280 p.
936 4214 987 4280 67„
1000 4218 1213 4269 Vasessovrvs
1221 4216 1287 4280 A.p.
1295 4215 1364 4270 273..
1384 4214 1450 4265 Con·
1509 4192 1510 4283 l

298 4317 327 4360 et
342 4313 426 4363 uerba
443 4311 551 4361 ultime:
863 4328 864 4333 ¹
901 4309 1252 4375 tmprsecipueVnnrervs
1267 4300 1449 4373 poenales..
1509 4288 1510 4383 l

1478 4898 1510 5105 l
