3067 5117
806 845 838 927 S.
859 847 896 913 5.

272 998 564 1061 QvnMAnttonvnt
590 1003 760 1055 Innvrtna
784 1004 846 1055 SIT
870 1003 989 1055 RATIO
1018 1002 1129 1055 LEGIS
1149 998 1370 1064 Fauonium,
1394 1000 1427 1051 st

287 1092 364 1144 DVO
380 1094 573 1148 annusvn
591 1096 820 1149 SVBSTITVTI
836 1096 1000 1148 FVEBINT
1017 1094 1175 1148 ruffino
1195 1092 1411 1146 Irtsrtrvro.

375 1295 443 1363 Vni
462 1296 589 1383 pupillo
612 1298 777 1377 instituto,
801 1299 830 1365 si
853 1298 919 1365 duo
940 1299 1093 1386 pluresue
1113 1299 1233 1365 fuerint
1257 1292 1428 1371 substituti,

270 1395 543 1480 quemadmodum
564 1400 645 1466 ratio
668 1399 836 1466 Falcidiae
862 1400 1006 1479 ineatur,
1034 1402 1112 1489 licet
1143 1397 1324 1466 clarissimo
1345 1395 1427 1481 legis

268 1497 468 1583 praescripto
497 1500 680 1585 expositum
706 1501 929 1578 inueniamus,
963 1512 1071 1568 tamen
1101 1502 1213 1589 paullo
1247 1498 1426 1566 accuratius

268 1596 350 1665 haec
376 1622 429 1664 res
462 1600 629 1667 tractanda
657 1612 705 1667 est
728 1614 863 1689 propter
895 1600 961 1667 loci
990 1603 1125 1669 alicuius
1151 1603 1216 1669 huc
1235 1600 1426 1689 pertinentis
1455 1622 1459 1629 ·
1523 1647 1525 1651 »

269 1700 489 1768 difficultatem
517 1726 584 1769 non
612 1715 678 1769 tam
704 1704 738 1769 in
766 1704 839 1790 ipsa
867 1703 1048 1782 sententia,
1071 1728 1168 1791 quam
1189 1705 1224 1769 in
1251 1701 1426 1768 uerborum

269 1812 423 1867 contextu
449 1804 617 1871 consitam.
666 1808 776 1891 Quem
802 1805 912 1871 locum
942 1817 1116 1893 antequam
1145 1802 1427 1893 perpensabimus,

269 1914 391 1971 rectam
412 1904 454 1969 de
475 1914 543 1970 tota
562 1904 623 1971 hac
645 1906 837 1992 quaestione
859 1906 1026 1973 iudicandi
1047 1908 1230 1975 facultatem
1255 1903 1319 1969 aiio
1342 1903 1428 1989 frag-

269 2016 379 2070 mento
402 2004 550 2091 inspecto
574 2007 669 2073 nobis
691 2008 973 2095 comparabimus,
1003 2010 1093 2096 quod
1112 2008 1295 2074 inuenimus
1318 2007 1361 2071 L.
1381 2006 1428 2072 80.

262 2118 319 2192 'pn
341 2106 383 2173 ad
402 2107 487 2195 Leg.
509 2107 617 2173 Folo:

351 2206 419 2285 „Si
440 2208 485 2285 is,
511 2210 566 2294 qui
588 2209 826 2297 quadringenta
853 2212 888 2277 in
902 2202 1107 2301 'patrimonio
1137 2208 1285 2288 habebit,
1315 2234 1336 2275 a
1363 2208 1428 2273 sdio

349 2307 510 2394 impuberi
530 2309 650 2377 herede
672 2311 817 2379 instituto
837 2313 977 2380 ducenta
995 2311 1166 2399 legauerit,
1188 2310 1283 2396 eique
1305 2310 1428 2375 Titium

349 2420 382 2475 et
408 2409 521 2478 Seium
548 2410 685 2478 heredes
715 2413 931 2493 substituerit,
965 2427 996 2481 et
1024 2440 1045 2481 a
1067 2414 1156 2479 Titio
1185 2425 1315 2478 centum
1339 2413 1428 2500 lega-

330 2512 451 2589 ·uerit,
472 2512 660 2591 uideamus,
693 2514 772 2599 quid
799 2514 878 2579 iuris
902 2517 959 2594 sit,
980 2516 1008 2581 si
1031 2516 1177 2582 nondum
1198 2515 1313 2580 solutis
1338 2516 1428 2601 lega-

349 2614 391 2679 tis
419 2614 563 2701 pupillus
594 2615 662 2680 uita
688 2616 882 2695 decesserit,
910 2628 943 2684 et
969 2618 1012 2684 ob
1042 2618 1076 2683 id
1107 2640 1147 2683 ea
1173 2616 1283 2703 legata
1300 2618 1429 2704 utrique

349 2715 527 2781 deberent?
550 2715 649 2784 Solus
669 2714 762 2781 heres
785 2718 892 2783 Titius
913 2730 1020 2785 utetur
1034 2718 1191 2785 Falcidia.
1234 2716 1321 2783 Cum
1344 2720 1428 2785 enim

350 2816 490 2883 ducenta
510 2840 551 2883 ex
570 2816 747 2882 hereditate
768 2818 886 2903 pupilli
906 2820 949 2885 ad
971 2844 1046 2887 cum
1066 2819 1266 2906 pertineant,
1289 2819 1429 2886 ducenta

348 2917 530 3005 legatorum
551 2918 684 2984 nomine
717 2918 830 2998 debet,
859 2933 991 2987 centnm
1012 2947 1053 2988 ex
1073 2921 1238 2998 ducentis,
1260 2944 1346 3006 quae
1367 2945 1427 3008 pu-

347 3019 444 3107 pillus
467 3018 606 3085 debebat
628 3030 660 3085 et
683 3032 830 3100 eentum,
853 3046 937 3109 quae
957 3024 1028 3109 ipse
1050 3022 1128 3088 dare
1150 3022 1257 3088 iussus
1281 3034 1347 3088 est:
1369 3024 1427 3088 ita-

349 3145 412 3208 que
451 3144 491 3187 ex
526 3132 660 3207 utraque
686 3122 863 3208 quantitate
885 3135 998 3208 quarta
1018 3120 1311 3189 deducta'habebit
1333 3125 1426 3210 quin-

349 3224 514 3311 quaginta.
565 3223 605 3289 In
632 3244 775 3309 persona
792 3245 871 3289 nero
896 3224 966 3290 Seii
986 3224 1041 3290 lex
1060 3223 1210 3290 Falcidia
1238 3247 1306 3289 non
1328 3224 1426 3290 inter-

348 3326 456 3403 uenit,
483 3346 583 3409 quum
614 3323 751 3389 adeum
774 3347 816 3390 ex
846 3323 1024 3391 hereditate
1045 3326 1162 3412 pupilli
1188 3325 1329 3391 ducenta
1352 3350 1426 3412 pcr-

347 3428 488 3501 tineant‚
511 3435 542 3489 et
563 3422 680 3487 debeat
699 3424 882 3509 legatorum
903 3426 1036 3507 nornine
1057 3438 1185 3493 centum
1207 3450 1248 3491 ex
1268 3425 1426 3504 ducentis,

350 3549 433 3614 quae
455 3550 473 3591 a
493 3522 618 3609 pupillo
640 3524 752 3590 relicta
772 3537 857 3592 sunt.
911 3528 1041 3610 Quodsi
1071 3528 1216 3615 pupillus
1245 3529 1353 3594 soluat
1379 3528 1426 3593 le-

348 3639 439 3715 gata,
460 3622 580 3691 debent
602 3648 714 3691 curare
735 3636 857 3692 tutores
878 3629 1006 3714 pupilli,
1029 3640 1064 3693 ut
1084 3640 1222 3695 caueant
1241 3629 1424 3716 legatarii.“

374 3728 489 3793 Gnlvs
511 3726 631 3813 itaque,
652 3750 694 3792 ne
713 3726 842 3813 singula
861 3751 921 3814 per
943 3752 978 3794 se
1001 3730 1088 3796 clara
1106 3740 1308 3816 repetamus,
1329 3752 1424 3816 prae-

268 3829 394 3907 scribit,
417 3840 461 3906 ut,
484 3829 512 3893 si
531 3828 589 3893 uni
612 3828 739 3914 pupillo
762 3828 827 3894 duo
849 3828 969 3895 fuerint
989 3830 1169 3907 substituti,
1189 3830 1300 3917 legata
1323 3855 1344 3897 a
1363 3854 1424 3917 pu-

266 3933 346 4019 pillo
369 3929 482 3997 relicta
501 3952 561 4017 pro
581 3941 650 3995 rata
665 3929 748 3995 inter
769 3952 826 3995 cos
848 3930 1095 4011 distribuantur,
1118 3932 1253 4010 deinde,
1271 3931 1424 4018 quicquid

268 4034 419 4099 secundis
439 4031 557 4097 tabulis
579 4056 598 4096 a
618 4052 749 4117 quoque
770 4030 915 4117 lega-tum
939 4034 997 4110 sit,
1021 4057 1095 4099 cum
1113 4034 1172 4111 iis,
1204 4056 1287 4119 quae
1308 4032 1424 4119 pupilli
1523 4069 1524 4078 κ

268 4134 398 4200 nomine
426 4134 626 4212 debeantur,
657 4133 691 4197 in
721 4133 994 4201 contributionem
1015 4136 1143 4213 ueniat,
1174 4148 1206 4201 et
1237 4134 1283 4200 ita
1302 4133 1422 4201 contri-

268 4237 345 4303 buta
372 4235 482 4322 legata
511 4234 553 4300 ad
579 4258 666 4311 eam,
701 4257 798 4319 quam
828 4234 1218 4322 substitutnsacceperit,
1240 4236 1423 4322 portionem
1523 4253 1524 4268 ¹

267 4337 455 4417 referantur,
477 4334 564 4403 unde
581 4358 708 4423 semper
731 4347 877 4423 quartam
893 4336 1084 4403 substitutus
1105 4338 1254 4405 retineat.
1294 4333 1422 4422 Quodsi
