3067 5117
132 386 136 395 '
256 408 298 479 aa

362 558 517 647 Denique
540 559 591 627 his
614 560 772 649 expositis
793 559 822 625 si
843 558 886 626 ad
908 581 949 627 ea
974 556 1234 646 respexerimus,
1262 579 1345 643 quae
1373 556 1416 623 dc

256 660 326 727 inre
348 662 556 729 accrescendi
573 663 801 739 tractauimus‚
823 684 927 747 aeque
950 684 987 736 se
1007 660 1117 727 omnia
1136 658 1257 725 habere
1286 657 1415 725 uidebi-

256 786 328 829 mus
353 774 449 849 atque
469 764 503 829 in
527 764 754 831 substitutione
779 762 929 850 uulgari,
961 761 1049 827 unde
1069 771 1222 849 apparet,
1252 783 1320 846 quo
1345 759 1416 827 iure

258 866 441 932 Vurmrtvs
462 866 504 931 L.
525 866 576 933 til.
597 866 629 951 S.
645 867 672 933 1.
694 865 734 931 de
755 865 845 952 legg.
865 864 908 931 ΙΙ.
928 886 1014 939 enm,
1037 862 1090 929 cui
1118 862 1226 950 portio
1250 862 1416 940 accrescit,

257 966 397 1051 „quasi
418 967 709 1033 substitutum“
734 966 958 1055 appellauerit.
977 964 1095 1051 Neque
1106 988 1185 1031 uero
1196 965 1320 1043 dubito,
1335 966 1416 1050 quin

260 1068 375 1155 regula
392 1069 454 1135 ista
475 1067 621 1155 uulgaris
651 1068 908 1146 substitutionis,
946 1090 1042 1153 quam
1073 1067 1180 1154 primo
1214 1066 1289 1133 loco
1322 1065 1416 1133 exhi-

256 1169 404 1249 buimus,
435 1170 532 1237 etiam
562 1170 603 1237 ad
629 1170 679 1237 ius
709 1169 919 1239 accrescendi
949 1170 991 1235 sit
1014 1167 1235 1246 redhibenda,
1265 1168 1415 1254 quamuis

255 1270 337 1337 nihil
349 1272 429 1337 certi
452 1270 492 1339 de
512 1272 573 1339 hac
593 1296 629 1338 rc
648 1272 801 1340 traditum
814 1273 866 1337 sit.
893 1270 1031 1338 Minime
1046 1281 1154 1337 autem
1171 1292 1223 1337 me
1237 1271 1416 1358 praeteriit,

257 1382 357 1439 totam
391 1372 476 1439 hanc
515 1384 659 1441 nostram
701 1373 896 1441 sententiam
933 1370 1143 1439 uehementer
1173 1372 1362 1461 impugnari
1396 1397 1417 1438 a

255 1476 489 1541 Pronurnnro
512 1500 545 1563 p.
557 1477 620 1555 26..
642 1486 673 1542 et
692 1501 711 1543 e
731 1474 897 1562 plerisque
919 1484 1086 1561 acceptam
1105 1496 1174 1539 non
1195 1497 1279 1541 esse.
1319 1475 1415 1541 Atta-

257 1602 333 1645 men
353 1602 389 1645 re
410 1578 506 1645 etiem
531 1590 626 1665 atque
647 1579 744 1645 etiam
764 1599 928 1664 perpensa
945 1576 1038 1643 aliter
1059 1586 1199 1643 statuere
1220 1600 1289 1643 non
1309 1578 1415 1663 potui,

257 1704 294 1747 ac
314 1691 400 1747 certe
421 1680 509 1747 haud
527 1681 646 1769 exigua
668 1679 754 1747 nitor
774 1677 964 1746 auctoritate
980 1680 1159 1746 Voouusu
1196 1678 1319 1765 cap.ll.
1340 1679 1415 1763 §.Ha

255 1792 287 1849 et
308 1780 568 1851 Cnuvacrrorus
588 1783 620 1868 S.
640 1782 808 1851 76-79..

359 1885 433 1970 ΙΙΙ.)
465 1886 535 1951 Iam
571 1907 650 1951 uero
683 1882 733 1949 his
763 1883 950 1971 praemissis
982 1884 1121 1951 fidenter
1157 1882 1416 1961 consideremus,

255 1986 529 2071 quemadmodum
558 1984 719 2053 coherede
749 1986 876 2073 pupillo
904 1986 1076 2053 substituto
1103 2006 1156 2053 res
1184 2008 1257 2051 sese
1284 1984 1414 2062 habeat,

253 2086 317 2155 hoc
338 2085 424 2153 enim
445 2100 596 2176 respectu
616 2088 707 2176 leges
728 2089 999 2177 contemplandae
1026 2087 1248 2174 maximopere
1275 2087 1360 2153 inter
1377 2110 1414 2153 se

256 2188 408 2255 uidentur
425 2190 621 2277 discrepare.
672 2191 767 2274 Quae
798 2192 965 2278 quomodo
992 2188 1255 2276 interpretandae
1289 2189 1355 2255 siut
1384 2202 1417 2257 et

254 2314 365 2359 rursus
389 2291 613 2359 conciliandae
642 2302 793 2378 quattuor
820 2316 1010 2359 caussarum
1034 2301 1188 2379 respectu
1212 2290 1324 2358 habito
1354 2292 1415 2359 de·

253 2403 434 2460 monstrare
456 2390 657 2461 conabimur.
676 2395 770 2461 Haec
783 2395 871 2463 euim
884 2404 960 2461 sunt
975 2393 1155 2461 accuratius
1171 2394 1395 2482 inspicienda:

297 2496 346 2571 1⁰,
371 2494 415 2564 si
439 2494 664 2561 coheredis
687 2495 833 2583 portio
855 2496 1016 2563 sitnon
1038 2505 1228 2575 onerata,
1251 2496 1415 2584 pupilli

337 2607 522 2663 onerate.

293 2704 343 2778 2⁰,
363 2700 408 2769 Si
430 2700 529 2767 uice
550 2721 672 2767 uersa
694 2700 853 2787 pupilli
874 2698 1021 2787 portio
1044 2698 1100 2763 sit
1120 2711 1413 2780 nouonerats‚

334 2801 564 2870 coheredis
586 2812 773 2869 onerata.

294 2908 345 2983 3⁰,
367 2904 410 2973 Si
430 2914 604 2989 utraque
626 2902 766 2992 portio
788 2902 840 2968 sit
857 2915 1044 2971 onerata.

293 3009 344 3084 4⁰,
365 3005 411 3074 Si
443 3005 585 3093 legata
615 3030 635 3071 a
667 3004 881 3072 coherede
912 3017 954 3072 ut
986 3004 1219 3071 substituto
1251 3004 1414 3073 relicta

335 3110 429 3175 sint.

371 3210 415 3295 l.)
437 3210 481 3275 Et
502 3210 643 3297 primum
664 3208 798 3296 quidem
817 3208 900 3273 illud
932 3219 1084 3275 tractatur
1120 3209 1162 3275 1..
1184 3209 1235 3277 87.
1261 3208 1332 3299 §.h
1353 3209 1376 3274 i.
1389 3209 1411 3275 f.

255 3312 297 3377 ad
318 3310 403 3397 Leg.
424 3310 516 3377 Falc.

336 3413 396 3492 „Si
417 3434 496 3479 uero
515 3413 600 3499 patri
622 3412 717 3481 heres
737 3413 798 3478 fuit
813 3414 876 3499 (sc.
898 3412 1069 3500 pupillus),
1091 3435 1159 3479 non
1181 3411 1341 3500 ampliora
1361 3412 1412 3479 le-

334 3525 410 3601 gata
431 3513 527 3580 debet
558 3514 767 3593 substitutus,
798 3537 896 3600 quam
929 3514 1048 3601 quihus
1076 3513 1221 3602 pupillus
1247 3514 1413 3602 obligatus

333 3616 452 3693 fueret,
474 3614 640 3701 quianon
662 3638 721 3683 suo
744 3616 877 3683 nomine
899 3615 1079 3703 obligatur,
1109 3615 1168 3681 sed
1189 3614 1333 3681 defuncti
1348 3639 1412 3703 pu-

333 3717 423 3805 pilli,
445 3717 501 3802 qui
529 3715 610 3782 nihil
640 3717 778 3805 emplius
800 3741 906 3804 quam·
924 3716 1070 3785 semissis
1099 3715 1290 3785 dodrantem
1314 3741 1412 3804 prae·

336 3830 421 3884 stare
441 3839 577 3883 necesse
600 3817 745 3885 habuit.⁴‘

357 3920 508 3987 Priorem
530 3918 627 3985 huius
663 3919 746 4007 legis
774 3930 900 4008 partem
926 3919 1029 3985 insius
1058 3942 1159 4008 supra
1184 3921 1410 3987 tractauimusx

253 4012 367 4091 ultime
379 4019 577 4087 eutemhaec
588 4015 689 4088 uerba
710 4021 789 4087 s'ati's
805 4030 886 4086 sunt
894 4021 1079 4109 perspicua.
1097 4020 1249 4109 Pupillus
1261 4023 1359 4100 enim,
1382 4022 1411 4087 si

253 4126 340 4193 adita
359 4122 536 4189 hereditate
559 4122 729 4189 defunctus
751 4124 810 4200 sit,
825 4122 1015 4190 substitutus
1038 4134 1169 4190 auctore
1190 4125 1233 4191 L.
1255 4127 1304 4193 11.
1327 4124 1357 4211 S.
1378 4126 1409 4191 5.

251 4227 285 4292 h.
307 4236 329 4291 t.
350 4224 460 4311 legata
482 4222 523 4289 ab
543 4245 582 4289 eo
603 4223 716 4291 relicta
735 4235 899 4311 tamquam
920 4248 975 4292 aes
994 4225 1164 4312 quodlibet
1185 4225 1327 4293 alienum
1349 4224 1409 4291 de-

253 4328 325 4406 bet,
355 4326 465 4413 itaque
494 4348 556 4395 nec
583 4325 745 4423 plusnec
775 4326 882 4393 minus
912 4324 1108 4417 praestabit,
1144 4326 1247 4423 duam·
1278 4326 1404 4416 pupillo
