3067 5117
1242 458 1304 527 239

144 596 257 682 petitio
280 617 363 662 onus
385 597 503 663 actoris
526 609 593 665 eret
610 598 808 681 habendum,
830 603 883 668 cui
906 603 1030 672 accedit
1053 605 1170 673 odiose
1184 609 1302 674 actoris

142 695 287 762 conditio
311 697 438 782 aliaque
459 697 587 764 similia.
695 717 700 738 ’

247 798 389 864 Prorsus
411 809 518 864 autern
539 799 651 887 inepta
679 815 727 870 est
749 804 933 879 conclusio,
965 826 1063 889 quem
1090 805 1301 874 nibilominus

143 897 230 962 baud
253 922 327 964 raro
350 899 467 964 iactam
488 898 604 979 uideo,
629 905 705 988 quia
728 905 897 992 „petitoris
917 917 1027 990 partes
1049 909 1231 972 sustinere“
1261 910 1303 974 sit

144 1019 250 1075 „onus
269 999 431 1086 probandi
450 1002 616 1088 suscipere
638 1005 792 1084 debere,“
813 1005 931 1070 iccirco
979 1007 1204 1092 „possessoris
1224 1032 1300 1095 par-

145 1111 192 1164 tes
228 1100 417 1166 sustinere“
452 1125 524 1167 esse
552 1103 718 1180 „liberum
751 1106 846 1172 reddi
877 1130 896 1170 e
927 1108 1042 1192 queuis
1072 1109 1299 1194 probatione.“
1325 1161 1329 1172 ,

145 1199 276 1285 Vbique
299 1201 385 1265 enim
405 1202 576 1288 generales
597 1205 638 1272 de
660 1207 909 1292 probationibus
930 1207 1079 1293 regulas,
1114 1231 1186 1274 cern
1204 1233 1300 1296 pree-

144 1301 271 1378 sertim‚
308 1302 398 1387 quod
425 1325 499 1369 reus
526 1305 643 1390 probat
666 1309 909 1394 exceptionem,
941 1333 983 1374 ne
1014 1309 1141 1397 etttingi
1168 1312 1301 1396 quidem

143 1403 318 1470 dicendum
340 1414 399 1470 est.

248 1505 291 1569 Et
312 1503 361 1568 his
382 1507 570 1592 praemissis
590 1507 716 1573 facilius
737 1508 844 1587 locos,
867 1509 909 1576 de
930 1511 1047 1596 quibus
1069 1513 1206 1600 egimus,
1226 1515 1299 1580 luce

143 1605 341 1692 adspergere
362 1607 551 1694 poterimus.

634 1869 833 1880 m

668 2079 699 2162 ,c
721 2081 772 2147 sr.

231 2233 284 2284 111,
320 2233 626 2286 INTnRPRETATIO
647 2235 789 2298 LEGVM,
810 2236 860 2287 DE
879 2236 1016 2297 QVIBVS
1034 2234 1187 2290 ndluvn.

457 2376 489 2444 t.)
509 2384 534 2433 n
552 2373 577 2430 8.
596 2375 621 2444 s.
641 2372 666 2428 3.
685 2383 713 2434 sr
731 2384 813 2435 seur.
839 2380 928 2443 (v111.
946 2373 990 2443 5.).

223 2511 367 2588 „Sedet
390 2514 564 2598 quaeritur,
587 2515 658 2600 quis
676 2516 898 2602 possessoris,
928 2518 999 2602 quis
1022 2517 1170 2604 petitoris
1191 2531 1299 2605 partes
1341 2578 1343 2581 .

225 2612 390 2690 sustineat,
414 2615 582 2682 sciendum
604 2627 669 2692 est,
691 2617 893 2702 possessoris
910 2630 1019 2703 partes
1042 2620 1221 2698 sustinere,
1254 2623 1300 2686 si·

224 2713 354 2799 quidem
375 2715 467 2801 tigna
486 2715 631 2782 immissa
651 2718 731 2794 sint,
754 2741 846 2796 eum,
874 2719 928 2804 qui
950 2720 1138 2785 seruitutem
1158 2721 1221 2786 sibi
1241 2722 1300 2787 de·

224 2815 295 2880 beri
316 2816 376 2894 ait,
401 2816 430 2881 si
451 2839 530 2882 uero
552 2841 619 2882 non
644 2831 718 2882 sunt
739 2819 895 2897 immisso,
917 2843 991 2885 eum
1012 2821 1067 2905 qui
1088 2830 1221 2906 negat.“

141 2917 239 2982 Hanc
258 2917 367 3004 legem
393 2917 510 2984 iccirco
533 2930 658 2984 tantum
679 2918 902 2984 difficillimam
928 2943 1057 3006 semper
1082 2923 1302 3006 praedicatam

143 3041 217 3084 esse
237 3032 327 3105 puto,
348 3019 439 3106 quod
458 3020 553 3098 male,
575 3043 735 3106 qus-enam
755 3019 790 3083 in
809 3019 907 3085 rebus
928 3020 1187 3108 incorporalibus
1208 3025 1299 3090 notio

144 3121 186 3184 sit
206 3121 426 3206 possessoris,
454 3131 700 3207 perspexerunt.
741 3120 828 3185 Nam
849 3144 947 3205 quum
969 3123 1170 3208 possessoris
1192 3136 1301 3210 partes

145 3222 304 3288 sustinere
327 3222 409 3286 nihil
433 3222 522 3288 aliud
542 3222 720 3310 significet,
751 3222 816 3286 nisi
839 3234 956 3286 statum
982 3223 1181 3290 obtinentem
1202 3249 1301 3312 posse

144 3323 245 3400 tueri,
279 3323 405 3389 famose
431 3323 512 3390 baec
540 3323 594 3388 lex
616 3345 732 3388 reuera
760 3321 842 3386 nihil
864 3323 1032 3409 exprimit,
1055 3326 1119 3390 nisi
1143 3327 1300 3412 regulam,

145 3446 229 3508 quae
264 3424 436 3490 usuueniet
479 3425 520 3490 de
558 3425 703 3511 partibus
738 3423 856 3490 actoris
896 3435 928 3488 et
968 3425 1017 3489 rei
1053 3427 1300 3506 constituendis,

147 3527 421 3610 quemadmodum
446 3525 624 3592 rectissime
653 3525 761 3591 statuit
793 3525 1002 3592 anncmvs
1024 3551 1057 3614 p.
1078 3528 1139 3594 30..
1188 3527 1253 3594 Cui
1273 3531 1302 3596 si

143 3628 277 3694 Pnelvs
301 3627 420 3694 obiecit
447 3651 481 3714 p.
502 3627 590 3703 249„
614 3627 678 3691 nisi
703 3624 843 3693 absurde
864 3626 924 3693 hac
945 3629 1020 3714 lege
1043 3640 1209 3707 „actorem
1230 3654 1302 3697 esse

145 3739 310 3796 actorem“
330 3728 568 3794 iureconsultus
592 3726 741 3805 dixisset,
764 3729 876 3795 omnia
896 3729 1106 3795 nibilominus
1128 3753 1168 3795 eo
1189 3754 1300 3796 reuer-

143 3840 224 3906 tere,
262 3840 297 3895 ut
332 3841 474 3896 actorem
505 3829 673 3894 dominum
704 3829 823 3896 liberes
855 3856 875 3896 a
901 3831 1055 3897 seruitute
1088 3831 1186 3896 aedes
1225 3856 1301 3898 suas

144 3931 285 4016 probare
317 3931 455 4010 debere,
487 3930 548 3997 hae
580 3931 654 4016 lege
687 3930 864 3997 indicatum
893 3933 951 4008 sit,
989 3955 1054 4017 qua
1073 3930 1199 3998 ratione
1221 3932 1302 4000 haec

145 4032 209 4097 sibi
229 4033 377 4110 finxerit,
399 4057 467 4099 non
488 4031 647 4118 intelligo.
687 4033 791 4098 Immo
815 4033 869 4099 hic
891 4024 1007 4098 sensus
1029 4044 1078 4098 est
1103 4033 1230 4122 integer
1253 4036 1301 4102 le-

145 4133 197 4220 gis
220 4133 352 4200 allatae:

249 4236 287 4304 Si
310 4235 401 4322 tigna
416 4233 563 4300 nondum
584 4235 727 4302 immissa
748 4236 879 4302 suntin
902 4237 1000 4304 aedes
1021 4237 1162 4316 uicinas,
1183 4238 1223 4316 is,
1246 4240 1302 4324 qui

144 4335 344 4405 obtinentem
362 4347 478 4406 statum
494 4349 602 4428 potest
623 4337 715 4420 tueri,
740 4339 811 4430 ipse
832 4339 969 4408 hebetur
991 4341 1159 4407 dominus:
1190 4354 1303 4412 contre
