3067 5117
804 743 835 825 §-
857 742 887 807 5.

385 939 409 989 l.
429 938 624 993 summurn
641 938 731 990 INTER
748 935 886 988 lucrosus
905 936 1125 991 vulturanum
1143 939 1333 993 SENTENTIAM.

381 1118 508 1199 Supra,
537 1133 636 1195 quum
663 1132 784 1175 nouam
804 1110 1010 1175 anrrnuu
1038 1109 1079 1189 de
1103 1111 1231 1177 actione
1264 1115 1436 1179 consesso-

277 1222 326 1285 ria
348 1229 379 1284 et
399 1210 569 1299 negatoria
586 1210 745 1275 rationem
765 1209 913 1295 pluribus
930 1211 1148 1295 exposuerim,
1172 1235 1268 1297 quem
1295 1215 1439 1299 primum

276 1321 384 1388 multis
415 1327 448 1383 et
474 1323 621 1378 ueterum
657 1322 689 1375 et
715 1312 933 1377 recentiorum
963 1313 1153 1377 commentis
1191 1313 1325 1378 obuium
1374 1316 1439 1379 isse

276 1420 436 1495 concessi,
456 1425 565 1491 restat,
586 1425 622 1477 nt
647 1435 787 1496 quanam
809 1413 940 1477 tandem
961 1414 995 1477 in
1016 1436 1051 1479 re
1074 1414 1113 1479 ab
1139 1437 1178 1480 eo
1201 1414 1440 1481 discedendum

277 1548 350 1593 esse
379 1517 575 1607 putauerim,
604 1525 637 1579 et
665 1536 722 1578 cur
750 1514 915 1600 propriam
945 1513 986 1579 de
1014 1514 1181 1600 utriusque
1211 1517 1349 1581 actionis
1379 1540 1440 1581 usu

278 1620 537 1710 disquisitionem
557 1614 768 1693 instituerim,
798 1639 897 1700 quum
923 1628 1093 1701 promptae
1122 1618 1186 1682 iam
1215 1628 1247 1683 et
1274 1618 1440 1705 perfectae

279 1729 393 1793 liceret
416 1718 639 1794 subscribere,
661 1715 803 1782 breuiter
827 1739 999 1802 exponam.

381 1825 505 1891 Verum
535 1818 700 1884 enimuero
729 1818 965 1883 Vnnrrmurvs
987 1818 1191 1901 ,intentionis
1221 1821 1440 1906 conceptione

278 1926 424 2002 deliniri,
464 1943 624 2007 quaenam
652 1918 735 1982 actio
763 1920 965 1985 confessoris
987 1920 1044 1995 sit,
1076 1944 1236 2004 quaenam
1254 1922 1437 2007 negatoria,

275 2029 453 2097 rectissime
475 2020 602 2087 statuit:
630 2018 745 2083 sedin
767 2042 806 2083 co
826 2019 1058 2104 uitupcrandus
1081 2032 1148 2099 est,
1173 2022 1262 2107 quod
1281 2022 1348 2087 hoc
1371 2024 1437 2087 lor-

275 2132 382 2197 mulae
413 2124 572 2193 exteriore
594 2122 710 2185 intuitu
732 2120 828 2183 nimis
852 2132 1041 2199 eontentuS,
1076 2122 1191 2189 altiora
1218 2122 1287 2188 eius
1316 2124 1437 2189 funda·

274 2243 384 2299 menta
403 2236 550 2313 repetere
570 2222 723 2307 neglexit.
766 2222 867 2303 Quod
887 2224 914 2287 si
929 2222 1069 2299 lecisset,
1090 2224 1267 2309 praeterire
1284 2246 1355 2289 non
1377 2248 1437 2311 po-

274 2333 388 2399 tuisset
415 2329 521 2393 uirum
552 2346 723 2408 sagacem,
754 2346 925 2409 perperam
950 2323 1091 2408 denique
1121 2324 1174 2389 uel
1197 2348 1247 2391 ex
1269 2328 1437 2404 seruitute,

275 2458 343 2501 non
371 2431 417 2496 de
438 2426 592 2492 seruitute
614 2436 738 2489 tantum
765 2426 970 2509 negatoriam
998 2426 1160 2490 actionem
1179 2425 1303 2491 institui
1323 2450 1435 2512 posse,

274 2538 383 2622 ipsum
404 2552 439 2595 se
459 2525 689 2614 proposuisse,
713 2526 932 2611 quum,p.18.
955 2524 1039 2591 hanc
1061 2526 1232 2592 formulam
1253 2540 1358 2593 ratam
1380 2528 1437 2594 ha-

274 2634 399 2703 buerit:

354 2785 427 2832 NON
449 2814 456 2829 .
478 2783 561 2831 ESSE
584 2812 592 2827 .
613 2784 650 2829 El
672 2812 679 2827 .
701 2782 759 2828 IVS
782 2812 789 2826 .
815 2780 1064 2830 COMPASOENDI
1087 2812 1094 2828 ·
1118 2782 1244 2831 INVITO
1265 2812 1272 2829 ι
1293 2785 1356 2831 ME.

273 2906 308 2971 id
335 2904 425 2991 quod
455 2926 522 2967 non
555 2903 694 2988 primum
717 2902 925 2967 contendisse
946 2904 1192 2969 VELTHnMrvur
1212 2903 1309 2969 liceat
1331 2907 1435 2971 anim-

275 3010 460 3075 aduertere:
509 3005 680 3091 ignorasse
721 3004 807 3067 enim
851 3004 994 3079 uidetur,
1035 3003 1099 3068 iam
1139 3004 1359 3071 ZAOHARIAM
1395 3009 1436 3090 Q

272 3111 368 3176 XIV.
391 3130 525 3194 prorsus
546 3107 634 3170 idem
650 3105 811 3169 statuisse.
853 3106 895 3169 At
914 3127 992 3169 uero
1014 3104 1154 3169 formula
1176 3106 1255 3183 ista,
1277 3106 1356 3172 licet
1377 3132 1435 3173 suo

273 3211 372 3277 modo
395 3233 469 3275 cum
490 3206 726 3293 refragantibus
747 3206 858 3289 legum
878 3206 970 3272 [lictis
988 3230 1059 3271 eam
1080 3206 1256 3272 conciliare
1277 3208 1437 3275 studuerit

275 3316 530 3385 Vuurnnrssvs,
566 3309 669 3372 teneri
693 3308 881 3391 neutiquam
904 3317 1021 3393 potest.
1070 3307 1163 3371 Haec
1185 3307 1271 3372 enim
1293 3308 1368 3393 ipsa
1390 3320 1438 3375 est

273 3412 494 3479 contessoriae
517 3409 654 3474 actionis
677 3408 806 3473 indoles
830 3422 925 3493 atque
946 3420 1082 3485 natura,
1106 3409 1196 3493 quod
1219 3409 1259 3475 de
1280 3412 1435 3475 seruitute

274 3512 370 3578 nobis
392 3510 518 3586 debita,
540 3511 610 3574 siue
633 3509 765 3574 omnino
788 3508 884 3574 nobis
906 3532 973 3574 non
995 3509 1211 3585 concedatur,
1233 3508 1303 3575 siue
1324 3510 1434 3577 turbe-

273 3638 345 3680 mur
365 3615 399 3677 in
421 3610 594 3695 tranquillo
618 3610 688 3676 eius
710 3633 789 3686 usu,
823 3609 884 3675 hac
912 3611 1039 3675 actione
1064 3610 1279 3696 experiamur.
1320 3612 1434 3697 Itaque
1519 3626 1520 3655 r

274 3718 302 3782 si
324 3714 476 3781 dominus
498 3712 625 3798 praedii
645 3711 815 3776 seruientis
836 3720 965 3796 praeter
987 3712 1176 3776 seruitutem
1198 3723 1432 3798 compescatur,

273 3840 312 3882 eo
335 3838 395 3880 nos
418 3814 566 3880 turbasse
587 3813 716 3879 uidetur
736 3813 770 3875 in
791 3810 943 3877 seruitute
967 3812 1165 3889 exercenda,
1200 3834 1265 3898 quo
1287 3814 1373 3879 lacto
1394 3814 1433 3878 li-

274 3928 342 3994 cet,
371 3917 422 3980 ius
445 3927 592 3981 nostrum
622 3914 823 3979 confessoris
844 3914 1007 3998 persequi.
1055 3912 1122 3981 Vbi
1144 3924 1250 3980 autem
1270 3914 1431 4001 probaue-

272 4018 384 4094 rimus,
404 4028 469 4081 tam
489 4017 590 4082 latum
608 4015 703 4080 nobis
724 4013 877 4077 infundo
899 4013 1000 4079 uicini
1020 4016 1070 4081 ius
1092 4038 1176 4093 csse,
1194 4026 1230 4081 ut
1251 4017 1306 4081 uel
1327 4018 1432 4103 ipsum

273 4118 441 4182 dominum
461 4119 624 4203 possimus
642 4138 823 4191 remouere,
845 4127 961 4200 sponte
983 4128 1145 4201 sequetur,
1168 4128 1203 4182 ut
1224 4117 1432 4202 prohibeatur

272 4218 346 4295 ille,
385 4218 559 4301 quominus
587 4228 822 4303 compascatur.
880 4216 948 4283 Sed
982 4217 1114 4283 omnino
1150 4216 1235 4283 hanc
1270 4217 1431 4288 seruitutis

269 4318 411 4405 speciem
434 4341 498 4404 qua
520 4318 671 4383 dominus
699 4317 739 4382 ab
761 4338 823 4381 usu
843 4317 891 4381 rei
914 4340 991 4383 suas
1013 4316 1249 4397 excluderetur,
1271 4342 1341 4384 non
1360 4343 1425 4385 ma-
