3067 5117
1206 414 1249 482 49

98 556 230 643 pupillus
253 558 362 625 soluat
381 559 500 646 legata,
521 574 656 649 propter
676 585 726 642 ea,
749 586 833 650 quae
847 563 999 631 secundis
1020 564 1140 629 tabulis
1163 565 1247 630 forte

57 738 62 749 ἡ
96 658 198 724 relicta
218 658 439 741 inueniantur,
462 664 661 730 cautionesa
681 664 841 731 tutoribus
853 666 1032 752 exigendas
1044 678 1076 731 et
1095 666 1247 732 asubsti-

97 760 163 825 tutis
185 760 327 842 deiude,
364 764 517 850 quicquid
538 764 612 850 plus
634 764 777 832 solutum
799 766 841 831 sit
866 767 996 846 debito,
1030 766 1246 854 repetendum

98 883 170 927 csse.

189 964 353 1033 Videmus
374 969 493 1055 itaque,
517 970 708 1035 substitutos
730 970 806 1036 illos
829 971 963 1038 omnino
991 971 1038 1036 ita
1056 970 1187 1047 haberi,
1209 993 1247 1036 ac

97 1065 120 1127 si
138 1066 242 1133 statim
265 1093 286 1135 a
305 1080 458 1137 testatore
480 1083 589 1137 essent
610 1072 765 1151 instituti,
797 1074 861 1140 nisi
881 1075 970 1159 quod
992 1074 1101 1161 legata
1120 1072 1247 1159 pupillo

96 1165 238 1251 imposita
259 1192 323 1255 pro
345 1182 414 1238 rata
441 1172 579 1260 singulis
609 1174 702 1259 quasi
726 1175 862 1263 proprio
887 1174 1021 1240 nomine
1049 1174 1160 1239 debita
1187 1174 1247 1239 ob-

96 1270 221 1334 uoniunt
241 1270 303 1356 (cf.
323 1273 364 1339 L.
385 1276 436 1341 77.
457 1274 490 1339 h.
509 1276 561 1360 t..)
614 1276 659 1340 Et
683 1275 746 1341 hoc
767 1276 875 1363 ipsum
906 1289 972 1355 est,
1009 1275 1099 1362 quod
1114 1299 1247 1342 accura-

95 1370 149 1435 tius
169 1374 334 1459 expressit
352 1374 572 1444 Pannar'vs
595 1378 637 1443 L.
661 1379 709 1445 ll.
730 1379 762 1463 §.
781 1381 813 1445 6.
835 1378 868 1443 h.
886 1390 927 1456 t.,
946 1379 981 1443 in
1001 1401 1067 1464 qua
1087 1378 1248 1464 interpre-

96 1473 184 1540 tanda
203 1475 344 1541 multum
366 1476 566 1545 sudauerunt
588 1480 652 1545 uiri
672 1479 777 1558 dooti,
813 1480 858 1545 ita
886 1492 923 1545 ut
939 1481 1139 1547 Drsnsavs
1161 1479 1248 1543 dilli-

96 1574 239 1642 cillimam
262 1600 336 1643 eam
354 1580 590 1659 nominauerit,
625 1604 708 1667 quae
730 1581 806 1646 totis
829 1581 863 1647 in
883 1582 1031 1671 Digestis
1054 1591 1248 1649 occurreret.

96 1678 197 1744 Tenor
220 1692 332 1746 autem
351 1680 435 1768 legis
455 1682 542 1749 illius
560 1683 614 1749 hic
637 1695 702 1749 est:

167 1783 237 1860 „Si
271 1782 341 1848 filio
375 1804 435 1849 suo
475 1784 558 1852 duos
596 1785 797 1853 substituerit
830 1798 862 1851 et
898 1784 1029 1852 alterius
1063 1785 1248 1872 portionem

166 1884 373 1964 onerauerit,
405 1888 533 1955 uastari
561 1888 661 1965 solet,
696 1910 737 1953 an
764 1910 805 1953 ex
826 1911 970 1976 persona
989 1910 1048 1953 sua
1067 1886 1249 1952 Falcidiam

166 1986 276 2072 possit
305 1986 459 2054 inducere
488 1988 697 2068 substitutus,
729 2012 827 2074 quam
853 1990 998 2077 pupillus
1026 2011 1094 2053 non
1114 1987 1249 2052 haberet

166 2087 220 2153 uel
241 2111 329 2153 uuus
347 2089 465 2176 pupilli
482 2091 683 2157 substitutus.
730 2092 776 2156 Et
801 2091 897 2157 facile
926 2090 1000 2176 quis
1028 2090 1146 2156 dixerit
1168 2112 1247 2154 con·

167 2201 345 2275 sequenter
359 2191 534 2277 prioribus,
557 2216 641 2279 quae
653 2192 694 2259 de
706 2192 894 2279 patrimonii
914 2193 1040 2258 ratione
1057 2192 1144 2257 dicta
1163 2202 1248 2268 sunt,

167 2314 235 2356 non
270 2314 343 2359 esse
366 2293 534 2361 Falcidiae
555 2296 675 2373 locum,
704 2306 736 2361 et
760 2294 846 2360 ultra
865 2295 952 2359 uires
978 2293 1140 2379 portionis
1167 2315 1248 2358 con-

167 2394 370 2461 ueniendum
391 2396 527 2463 alterum
548 2395 765 2463 substitutum.
807 2395 875 2464 Sed
902 2394 1012 2459 uerior
1041 2406 1092 2461 est
1120 2393 1251 2461 diuersa

170 2498 333 2563 sententia
352 2498 489 2584 perinde
509 2497 585 2564 huic
608 2508 755 2583 quartam
781 2497 1029 2582 relinquendam
1061 2491 1249 2559 existiman·

169 2600 267 2676 tium,
287 2609 382 2684 atque
410 2600 438 2665 si
461 2600 569 2685 itast)
599 2600 683 2686 patri
716 2598 812 2665 heres
845 2598 1030 2664 exstitisset.
1087 2594 1133 2660 Vt
1162 2593 1250 2658 enim

171 2724 253 2787 opes
282 2702 382 2787 patris
404 2712 436 2767 et
456 2700 652 2769 contributio
672 2702 857 2788 legatorum
879 2700 957 2765 inde
977 2697 1110 2785 capiunt
1130 2706 1162 2761 et
1180 2695 1248 2761 ior-

170 2828 258 2869 mam
281 2813 312 2869 et
336 2802 512 2890 originem,
541 2803 586 2870 ita
612 2802 723 2889 plures
748 2801 911 2869 substituti
933 2800 1092 2866 subducta
1108 2820 1252 2885 persona

171 2904 291 2993 pupilli
310 2905 489 2971 reuocandi
511 2906 646 2973 suntad
665 2904 865 2971 intellectum
884 2901 1107 2968 institutionis.
1160 2898 1251 2983 Quid

172 3021 282 3074 tamen
307 3007 452 3073 dicemus
474 3006 515 3073 de
546 3006 647 3073 altero
671 3007 860 3083 substituto,
893 3004 1037 3089 quinon
1060 3014 1109 3068 est
1132 3026 1250 3069 onera-

173 3122 243 3188 tus,
274 3110 302 3174 si
333 3110 415 3175 forte
442 3109 590 3175 nondum
619 3109 728 3197 legata
747 3107 893 3194 pupillus
913 3130 933 3171 a
952 3127 988 3170 se
1009 3104 1122 3170 relicta
1141 3103 1251 3179 soluit,

174 3225 205 3275 ct
227 3210 350 3294 aliquid
371 3211 456 3276 ultra
472 3209 665 3277 dodrantem
690 3211 748 3289 sit,
790 3210 824 3273 in
846 3206 1059 3288 omnibus5‘)
1088 3215 1120 3271 et
1144 3205 1252 3291 ipsum

176 3312 356 3378 Falcidiam
387 3311 593 3377 habiturum?
655 3311 779 3398 Atquin
810 3322 957 3396 quartam
989 3308 1104 3385 habet,
1144 3328 1252 3391 neque

175 3417 263 3481 idem
290 3415 431 3501 patiatur
457 3414 594 3479 instituti
622 3413 834 3500 comparatio.
882 3411 1010 3477 Rursus
1031 3410 1060 3474 si
1081 3430 1251 3495 negemus,

178 3516 267 3583 aliud
286 3526 414 3603 aperte,
437 3538 535 3602 quam
557 3515 646 3601 quod
668 3514 770 3601 uulgo
790 3512 965 3601 probatum
987 3525 1051 3589 est,
1073 3508 1253 3597 responde-

176 3632 236 3685 tur.
277 3618 390 3702 Itaque
412 3616 552 3685 uarietas
575 3616 725 3693 exsistet,
756 3627 792 3683 ut
811 3616 840 3681 is
861 3615 1011 3701 quidem,
1041 3613 1097 3699 qui
1117 3610 1253 3698 proprio

107 3824 295 3836 w

141 3962 182 4028 ⁵⁵)
210 3966 244 4017 Iu
265 3964 403 4014 codicibus
424 3977 489 4012 mss.
521 3968 549 4011 et
578 3960 649 4025 „ita
738 3957 784 4022 5⁵)
807 3960 921 4009 Comma
944 3957 1011 4023 poni
1034 3956 1172 4009 soletaut
1190 3967 1256 4023 post

110 4056 155 4105 si“
174 4067 199 4107 et
217 4057 359 4122 „siita“
381 4056 487 4117 legitur.
522 4054 649 4118 Nospo·
701 4053 806 4116 „sit,‘¹
849 4059 897 4102 aut
933 4058 999 4114 post
1036 4052 1253 4112 „omnibus.“

110 4150 241 4201 steriorem
278 4150 424 4200 lectionem
459 4147 649 4212 promimus,
702 4144 808 4195 Sensus
826 4144 883 4193 fers
911 4143 983 4193 idem
1003 4142 1124 4207 exsistit,
1156 4144 1254 4195 rectius

27 4224 28 4231 ἵ
111 4254 186 4302 quum
207 4242 286 4293 unice
312 4256 373 4292 cum
398 4246 472 4291 recta
490 4240 650 4303 interpreta-
701 4244 793 4289 tamen
812 4242 878 4301 post
896 4235 1101 4298 „omnibus“
1126 4243 1194 4300 puto
1213 4237 1254 4287 in·

110 4330 176 4383 tione
194 4334 318 4389 uideatur
334 4332 489 4387 conuenire.
700 4329 919 4395 terpungendum
937 4341 1008 4377 esse.

1084 4410 1104 4476 4
1223 4440 1232 4457 .
