<?xml version="1.0" encoding="UTF-8"?>
<!DOCTYPE html PUBLIC "-//W3C//DTD XHTML 1.0 Transitional//EN"
    "http://www.w3.org/TR/xhtml1/DTD/xhtml1-transitional.dtd">
<html xmlns="http://www.w3.org/1999/xhtml" xml:lang="en" lang="en">
 <head>
  <title>
</title>
<meta http-equiv="Content-Type" content="text/html;charset=utf-8" />
  <meta name='ocr-system' content='tesseract 3.04.00' />
  <meta name='ocr-capabilities' content='ocr_page ocr_carea ocr_par ocr_line ocrx_word'/>
</head>
<body>
  <div class='ocr_page' id='page_1' title='image "./commentationesi00perngoog_0237.png"; bbox 0 0 3067 5117; ppageno 0'>
   <div class='ocr_carea' id='block_1_1' title="bbox 1211 417 1275 487">
    <p class='ocr_par' dir='ltr' id='par_1_1' title="bbox 1211 417 1275 487">
     <span class='ocr_line' id='line_1_1' title="bbox 1211 417 1275 487; baseline -0.063 0"><span class='ocrx_word' id='word_1_1' title='bbox 1211 417 1275 487; x_wconf 78' lang='lat'>219</span> 
     </span>
    </p>
   </div>
   <div class='ocr_carea' id='block_1_2' title="bbox 106 563 1297 2778">
    <p class='ocr_par' dir='ltr' id='par_1_2' title="bbox 108 563 1269 1362">
     <span class='ocr_line' id='line_1_2' title="bbox 216 563 1268 652; baseline 0.003 -23"><span class='ocrx_word' id='word_1_2' title='bbox 216 563 347 630; x_wconf 88' lang='lat' dir='ltr'>Reuera</span> <span class='ocrx_word' id='word_1_3' title='bbox 380 563 489 640; x_wconf 90' lang='lat' dir='ltr'>enim,</span> <span class='ocrx_word' id='word_1_4' title='bbox 527 563 597 630; x_wconf 89' lang='lat' dir='ltr'>siue</span> <span class='ocrx_word' id='word_1_5' title='bbox 633 586 693 650; x_wconf 92' lang='lat' dir='ltr'>pro</span> <span class='ocrx_word' id='word_1_6' title='bbox 728 564 865 632; x_wconf 92' lang='lat' dir='ltr'>dominii</span> <span class='ocrx_word' id='word_1_7' title='bbox 897 564 1063 643; x_wconf 88' lang='lat' dir='ltr'>libertate,</span> <span class='ocrx_word' id='word_1_8' title='bbox 1102 565 1173 631; x_wconf 92' lang='lat' dir='ltr'>siue</span> <span class='ocrx_word' id='word_1_9' title='bbox 1207 589 1268 652; x_wconf 92' lang='lat' dir='ltr'>pro</span> 
     </span>
     <span class='ocr_line' id='line_1_3' title="bbox 109 663 1269 752; baseline 0 -20"><span class='ocrx_word' id='word_1_10' title='bbox 109 689 238 732; x_wconf 90' lang='lat' dir='ltr'>summa</span> <span class='ocrx_word' id='word_1_11' title='bbox 258 665 327 730; x_wconf 92' lang='lat' dir='ltr'>eius</span> <span class='ocrx_word' id='word_1_12' title='bbox 348 664 383 728; x_wconf 93' lang='lat' dir='ltr'>ui</span> <span class='ocrx_word' id='word_1_13' title='bbox 403 663 571 729; x_wconf 88' lang='lat' dir='ltr'>exclusiua</span> <span class='ocrx_word' id='word_1_14' title='bbox 589 665 706 752; x_wconf 85' lang='lat' dir='ltr'>aliquis</span> <span class='ocrx_word' id='word_1_15' title='bbox 726 666 874 750; x_wconf 85' lang='lat' dir='ltr'>luctetur,</span> <span class='ocrx_word' id='word_1_16' title='bbox 897 665 1006 732; x_wconf 90' lang='lat' dir='ltr'>uerbis</span> <span class='ocrx_word' id='word_1_17' title='bbox 1027 665 1160 750; x_wconf 91' lang='lat' dir='ltr'>quidem</span> <span class='ocrx_word' id='word_1_18' title='bbox 1180 666 1269 734; x_wconf 89' lang='lat' dir='ltr'>aliud</span> 
     </span>
     <span class='ocr_line' id='line_1_4' title="bbox 109 763 1267 850; baseline 0 -18"><span class='ocrx_word' id='word_1_19' title='bbox 109 766 273 843; x_wconf 84' lang='lat' dir='ltr'>defendit,</span> <span class='ocrx_word' id='word_1_20' title='bbox 301 787 337 829; x_wconf 90' lang='lat' dir='ltr'>re</span> <span class='ocrx_word' id='word_1_21' title='bbox 361 774 394 830; x_wconf 89' lang='lat' dir='ltr'>et</span> <span class='ocrx_word' id='word_1_22' title='bbox 415 763 533 829; x_wconf 87' lang='lat' dir='ltr'>effectu</span> <span class='ocrx_word' id='word_1_23' title='bbox 552 787 687 850; x_wconf 89' lang='lat' dir='ltr'>prorsus</span> <span class='ocrx_word' id='word_1_24' title='bbox 706 766 804 832; x_wconf 87' lang='lat' dir='ltr'>idem.</span> <span class='ocrx_word' id='word_1_25' title='bbox 851 766 999 833; x_wconf 85' lang='lat' dir='ltr'>Alterum</span> <span class='ocrx_word' id='word_1_26' title='bbox 1017 767 1105 831; x_wconf 92' lang='lat' dir='ltr'>enim</span> <span class='ocrx_word' id='word_1_27' title='bbox 1126 768 1198 832; x_wconf 89' lang='lat' dir='ltr'>sine</span> <span class='ocrx_word' id='word_1_28' title='bbox 1218 767 1267 832; x_wconf 91' lang='lat' dir='ltr'>al-</span> 
     </span>
     <span class='ocr_line' id='line_1_5' title="bbox 109 863 1266 954; baseline -0.001 -20"><span class='ocrx_word' id='word_1_29' title='bbox 109 882 180 934; x_wconf 86' lang='lat' dir='ltr'>tero</span> <span class='ocrx_word' id='word_1_30' title='bbox 205 890 247 932; x_wconf 89' lang='lat' dir='ltr'>ne</span> <span class='ocrx_word' id='word_1_31' title='bbox 268 863 405 950; x_wconf 83' lang='lat' dir='ltr'>cogitari</span> <span class='ocrx_word' id='word_1_32' title='bbox 425 863 556 950; x_wconf 88' lang='lat' dir='ltr'>quidem</span> <span class='ocrx_word' id='word_1_33' title='bbox 576 872 692 949; x_wconf 87' lang='lat' dir='ltr'>potest.</span> <span class='ocrx_word' id='word_1_34' title='bbox 749 864 836 930; x_wconf 89' lang='lat' dir='ltr'>Nam</span> <span class='ocrx_word' id='word_1_35' title='bbox 868 890 926 932; x_wconf 89' lang='lat' dir='ltr'>cur</span> <span class='ocrx_word' id='word_1_36' title='bbox 957 868 1179 954; x_wconf 83' lang='lat' dir='ltr'>praesumptio</span> <span class='ocrx_word' id='word_1_37' title='bbox 1206 891 1266 953; x_wconf 91' lang='lat' dir='ltr'>pro</span> 
     </span>
     <span class='ocr_line' id='line_1_6' title="bbox 109 965 1268 1054; baseline -0.003 -19"><span class='ocrx_word' id='word_1_38' title='bbox 109 971 257 1036; x_wconf 89' lang='lat' dir='ltr'>libertate</span> <span class='ocrx_word' id='word_1_39' title='bbox 278 975 400 1045; x_wconf 87' lang='lat' dir='ltr'>exstet,</span> <span class='ocrx_word' id='word_1_40' title='bbox 433 988 548 1032; x_wconf 83' lang='lat' dir='ltr'><strong>caussa</strong></span> <span class='ocrx_word' id='word_1_41' title='bbox 570 975 620 1030; x_wconf 89' lang='lat' dir='ltr'>est</span> <span class='ocrx_word' id='word_1_42' title='bbox 641 965 778 1031; x_wconf 89' lang='lat' dir='ltr'>dominii</span> <span class='ocrx_word' id='word_1_43' title='bbox 796 967 831 1031; x_wconf 93' lang='lat' dir='ltr'>in</span> <span class='ocrx_word' id='word_1_44' title='bbox 853 968 1007 1054; x_wconf 84' lang='lat' dir='ltr'>negatiua</span> <span class='ocrx_word' id='word_1_45' title='bbox 1028 978 1120 1054; x_wconf 90' lang='lat' dir='ltr'>parte</span> <span class='ocrx_word' id='word_1_46' title='bbox 1142 991 1268 1033; x_wconf 89' lang='lat' dir='ltr'>summa</span> 
     </span>
     <span class='ocr_line' id='line_1_7' title="bbox 110 1067 1266 1155; baseline -0.004 -16"><span class='ocrx_word' id='word_1_47' title='bbox 110 1069 278 1146; x_wconf 82' lang='lat' dir='ltr'>extensio,</span> <span class='ocrx_word' id='word_1_48' title='bbox 309 1091 367 1134; x_wconf 90' lang='lat' dir='ltr'>cur</span> <span class='ocrx_word' id='word_1_49' title='bbox 393 1089 519 1132; x_wconf 89' lang='lat' dir='ltr'>summa</span> <span class='ocrx_word' id='word_1_50' title='bbox 545 1067 607 1132; x_wconf 90' lang='lat' dir='ltr'>ista</span> <span class='ocrx_word' id='word_1_51' title='bbox 634 1067 781 1132; x_wconf 84' lang='lat' dir='ltr'>extensio</span> <span class='ocrx_word' id='word_1_52' title='bbox 804 1093 824 1134; x_wconf 91' lang='lat' dir='ltr'>a</span> <span class='ocrx_word' id='word_1_53' title='bbox 842 1069 1037 1155; x_wconf 84' lang='lat' dir='ltr'>probatione</span> <span class='ocrx_word' id='word_1_54' title='bbox 1058 1069 1164 1155; x_wconf 83' lang='lat' dir='ltr'>possit</span> <span class='ocrx_word' id='word_1_55' title='bbox 1183 1068 1266 1135; x_wconf 89' lang='lat' dir='ltr'>libe-</span> 
     </span>
     <span class='ocr_line' id='line_1_8' title="bbox 108 1167 1265 1256; baseline -0.002 -18"><span class='ocrx_word' id='word_1_56' title='bbox 108 1197 198 1250; x_wconf 86' lang='lat' dir='ltr'>rare,</span> <span class='ocrx_word' id='word_1_57' title='bbox 221 1191 339 1236; x_wconf 85' lang='lat' dir='ltr'>caussa</span> <span class='ocrx_word' id='word_1_58' title='bbox 360 1178 425 1248; x_wconf 92' lang='lat' dir='ltr'>est,</span> <span class='ocrx_word' id='word_1_59' title='bbox 450 1167 539 1253; x_wconf 92' lang='lat' dir='ltr'>quod</span> <span class='ocrx_word' id='word_1_60' title='bbox 557 1178 622 1234; x_wconf 89' lang='lat' dir='ltr'>tam</span> <span class='ocrx_word' id='word_1_61' title='bbox 644 1169 779 1255; x_wconf 84' lang='lat' dir='ltr'>grandis</span> <span class='ocrx_word' id='word_1_62' title='bbox 797 1192 870 1236; x_wconf 90' lang='lat' dir='ltr'>esse</span> <span class='ocrx_word' id='word_1_63' title='bbox 889 1181 1037 1256; x_wconf 89' lang='lat' dir='ltr'>putatur,</span> <span class='ocrx_word' id='word_1_64' title='bbox 1063 1180 1099 1235; x_wconf 87' lang='lat' dir='ltr'>ut</span> <span class='ocrx_word' id='word_1_65' title='bbox 1120 1169 1265 1236; x_wconf 86' lang='lat' dir='ltr'>dominio</span> 
     </span>
     <span class='ocr_line' id='line_1_9' title="bbox 108 1268 1117 1362; baseline -0.002 -22"><span class='ocrx_word' id='word_1_66' title='bbox 108 1274 247 1362; x_wconf 90' lang='lat' dir='ltr'>probato</span> <span class='ocrx_word' id='word_1_67' title='bbox 271 1272 305 1336; x_wconf 92' lang='lat' dir='ltr'>in</span> <span class='ocrx_word' id='word_1_68' title='bbox 325 1271 507 1336; x_wconf 91' lang='lat' dir='ltr'>libertatem</span> <span class='ocrx_word' id='word_1_69' title='bbox 530 1271 599 1336; x_wconf 91' lang='lat' dir='ltr'>eius</span> <span class='ocrx_word' id='word_1_70' title='bbox 621 1269 789 1335; x_wconf 80' lang='lat' dir='ltr'>conclusio</span> <span class='ocrx_word' id='word_1_71' title='bbox 812 1271 889 1336; x_wconf 91' lang='lat' dir='ltr'>inde</span> <span class='ocrx_word' id='word_1_72' title='bbox 910 1271 982 1336; x_wconf 90' lang='lat' dir='ltr'>fieri</span> <span class='ocrx_word' id='word_1_73' title='bbox 1002 1268 1117 1357; x_wconf 86' lang='lat' dir='ltr'>possit.</span> 
     </span>
    </p>

    <p class='ocr_par' dir='ltr' id='par_1_3' title="bbox 106 1371 1297 2258">
     <span class='ocr_line' id='line_1_10' title="bbox 212 1371 1297 1458; baseline 0.003 -18"><span class='ocrx_word' id='word_1_74' title='bbox 212 1373 328 1458; x_wconf 89' lang='lat' dir='ltr'>Neque</span> <span class='ocrx_word' id='word_1_75' title='bbox 349 1393 448 1450; x_wconf 90' lang='lat' dir='ltr'>uero,</span> <span class='ocrx_word' id='word_1_76' title='bbox 470 1371 526 1456; x_wconf 92' lang='lat' dir='ltr'>qui</span> <span class='ocrx_word' id='word_1_77' title='bbox 543 1380 714 1456; x_wconf 85' lang='lat' dir='ltr'>utramque</span> <span class='ocrx_word' id='word_1_78' title='bbox 731 1371 891 1437; x_wconf 86' lang='lat' dir='ltr'>rationem</span> <span class='ocrx_word' id='word_1_79' title='bbox 910 1373 1049 1458; x_wconf 88' lang='lat' dir='ltr'>spreuit,</span> <span class='ocrx_word' id='word_1_80' title='bbox 1071 1375 1267 1442; x_wconf 72' lang='lat' dir='ltr'>Hanania-</span> <span class='ocrx_word' id='word_1_81' title='bbox 1294 1429 1297 1432; x_wconf 75' lang='lat'>-</span> 
     </span>
     <span class='ocr_line' id='line_1_11' title="bbox 107 1471 1265 1562; baseline -0.004 -17"><span class='ocrx_word' id='word_1_82' title='bbox 107 1497 177 1546; x_wconf 76' lang='lat' dir='ltr'>uvs</span> <span class='ocrx_word' id='word_1_83' title='bbox 204 1499 237 1562; x_wconf 90' lang='lat' dir='ltr'>p.</span> <span class='ocrx_word' id='word_1_84' title='bbox 258 1475 329 1544; x_wconf 76' lang='lat'><strong>245.</strong></span> <span class='ocrx_word' id='word_1_85' title='bbox 373 1494 497 1537; x_wconf 93' lang='lat' dir='ltr'>nouum</span> <span class='ocrx_word' id='word_1_86' title='bbox 527 1471 650 1556; x_wconf 89' lang='lat' dir='ltr'>aliquid</span> <span class='ocrx_word' id='word_1_87' title='bbox 682 1483 714 1538; x_wconf 88' lang='lat' dir='ltr'>et</span> <span class='ocrx_word' id='word_1_88' title='bbox 747 1472 836 1558; x_wconf 91' lang='lat' dir='ltr'>quod</span> <span class='ocrx_word' id='word_1_89' title='bbox 867 1495 935 1537; x_wconf 90' lang='lat' dir='ltr'>non</span> <span class='ocrx_word' id='word_1_90' title='bbox 965 1473 1083 1540; x_wconf 87' lang='lat' dir='ltr'>eodem</span> <span class='ocrx_word' id='word_1_91' title='bbox 1104 1476 1265 1554; x_wconf 87' lang='lat' dir='ltr'>concidat,</span> 
     </span>
     <span class='ocr_line' id='line_1_12' title="bbox 108 1571 1267 1661; baseline -0.003 -16"><span class='ocrx_word' id='word_1_92' title='bbox 108 1577 259 1645; x_wconf 84' lang='lat' dir='ltr'>statuisse</span> <span class='ocrx_word' id='word_1_93' title='bbox 281 1573 427 1650; x_wconf 88' lang='lat' dir='ltr'>uidetur,</span> <span class='ocrx_word' id='word_1_94' title='bbox 456 1594 497 1637; x_wconf 87' lang='lat' dir='ltr'>ex</span> <span class='ocrx_word' id='word_1_95' title='bbox 515 1571 620 1651; x_wconf 84' lang='lat' dir='ltr'>fine,</span> <span class='ocrx_word' id='word_1_96' title='bbox 641 1574 844 1651; x_wconf 88' lang='lat' dir='ltr'>utilitate,</span> <span class='ocrx_word' id='word_1_97' title='bbox 875 1576 1100 1661; x_wconf 91' lang='lat' dir='ltr'>proposito</span> <span class='ocrx_word' id='word_1_98' title='bbox 1129 1577 1267 1642; x_wconf 89' lang='lat' dir='ltr'>dominii</span> 
     </span>
     <span class='ocr_line' id='line_1_13' title="bbox 108 1673 1264 1762; baseline -0.005 -14"><span class='ocrx_word' id='word_1_99' title='bbox 108 1677 324 1748; x_wconf 87' lang='lat' dir='ltr'>deriuandum</span> <span class='ocrx_word' id='word_1_100' title='bbox 350 1697 423 1740; x_wconf 88' lang='lat' dir='ltr'>esse</span> <span class='ocrx_word' id='word_1_101' title='bbox 450 1697 609 1752; x_wconf 87' lang='lat' dir='ltr'>censens,</span> <span class='ocrx_word' id='word_1_102' title='bbox 637 1696 694 1739; x_wconf 88' lang='lat' dir='ltr'>eur</span> <span class='ocrx_word' id='word_1_103' title='bbox 719 1673 853 1741; x_wconf 89' lang='lat' dir='ltr'>domino</span> <span class='ocrx_word' id='word_1_104' title='bbox 885 1676 1022 1742; x_wconf 90' lang='lat' dir='ltr'>dominii</span> <span class='ocrx_word' id='word_1_105' title='bbox 1042 1686 1165 1743; x_wconf 86' lang='lat' dir='ltr'>tantum</span> <span class='ocrx_word' id='word_1_106' title='bbox 1186 1700 1264 1762; x_wconf 92' lang='lat' dir='ltr'>pro-</span> 
     </span>
     <span class='ocr_line' id='line_1_14' title="bbox 107 1773 1267 1862; baseline -0.006 -13"><span class='ocrx_word' id='word_1_107' title='bbox 107 1783 198 1850; x_wconf 87' lang='lat' dir='ltr'>batio</span> <span class='ocrx_word' id='word_1_108' title='bbox 219 1775 395 1853; x_wconf 85' lang='lat' dir='ltr'>incumbat,</span> <span class='ocrx_word' id='word_1_109' title='bbox 416 1798 492 1840; x_wconf 88' lang='lat' dir='ltr'>nam</span> <span class='ocrx_word' id='word_1_110' title='bbox 513 1784 545 1840; x_wconf 91' lang='lat' dir='ltr'>et</span> <span class='ocrx_word' id='word_1_111' title='bbox 565 1774 620 1840; x_wconf 90' lang='lat' dir='ltr'>ille</span> <span class='ocrx_word' id='word_1_112' title='bbox 642 1773 780 1841; x_wconf 86' lang='lat' dir='ltr'>dominii</span> <span class='ocrx_word' id='word_1_113' title='bbox 800 1777 875 1841; x_wconf 91' lang='lat' dir='ltr'>finis</span> <span class='ocrx_word' id='word_1_114' title='bbox 894 1777 1031 1862; x_wconf 84' lang='lat' dir='ltr'>cogitari</span> <span class='ocrx_word' id='word_1_115' title='bbox 1050 1777 1180 1862; x_wconf 90' lang='lat' dir='ltr'>nequit,</span> <span class='ocrx_word' id='word_1_116' title='bbox 1203 1777 1267 1842; x_wconf 88' lang='lat' dir='ltr'>nisi</span> 
     </span>
     <span class='ocr_line' id='line_1_15' title="bbox 108 1876 1264 1965; baseline -0.003 -16"><span class='ocrx_word' id='word_1_117' title='bbox 108 1881 246 1949; x_wconf 88' lang='lat' dir='ltr'>dominii</span> <span class='ocrx_word' id='word_1_118' title='bbox 264 1877 432 1944; x_wconf 90' lang='lat' dir='ltr'>notionem</span> <span class='ocrx_word' id='word_1_119' title='bbox 454 1876 548 1962; x_wconf 88' lang='lat' dir='ltr'>quasi</span> <span class='ocrx_word' id='word_1_120' title='bbox 567 1876 618 1941; x_wconf 90' lang='lat' dir='ltr'>ius</span> <span class='ocrx_word' id='word_1_121' title='bbox 639 1901 801 1942; x_wconf 87' lang='lat' dir='ltr'>summum</span> <span class='ocrx_word' id='word_1_122' title='bbox 822 1877 997 1944; x_wconf 88' lang='lat' dir='ltr'>definieris.</span> <span class='ocrx_word' id='word_1_123' title='bbox 1038 1879 1083 1942; x_wconf 86' lang='lat' dir='ltr'>Et</span> <span class='ocrx_word' id='word_1_124' title='bbox 1103 1879 1175 1965; x_wconf 90' lang='lat' dir='ltr'>pari</span> <span class='ocrx_word' id='word_1_125' title='bbox 1193 1903 1264 1946; x_wconf 92' lang='lat' dir='ltr'>mo-</span> 
     </span>
     <span class='ocr_line' id='line_1_16' title="bbox 108 1977 1266 2069; baseline -0.003 -19"><span class='ocrx_word' id='word_1_126' title='bbox 108 1986 151 2050; x_wconf 93' lang='lat' dir='ltr'>do</span> <span class='ocrx_word' id='word_1_127' title='bbox 175 2005 288 2050; x_wconf 89' lang='lat' dir='ltr'>omnes</span> <span class='ocrx_word' id='word_1_128' title='bbox 310 2000 523 2065; x_wconf 90' lang='lat' dir='ltr'>quaecunque</span> <span class='ocrx_word' id='word_1_129' title='bbox 554 1977 719 2063; x_wconf 82' lang='lat' dir='ltr'>fingantur</span> <span class='ocrx_word' id='word_1_130' title='bbox 741 1979 1024 2066; x_wconf 85' lang='lat' dir='ltr'>praesumptiones</span> <span class='ocrx_word' id='word_1_131' title='bbox 1047 1979 1266 2069; x_wconf 87' lang='lat' dir='ltr'>repetitasque</span> 
     </span>
     <span class='ocr_line' id='line_1_17' title="bbox 108 2079 1265 2168; baseline -0.003 -15"><span class='ocrx_word' id='word_1_132' title='bbox 108 2112 151 2153; x_wconf 85' lang='lat' dir='ltr'>ex</span> <span class='ocrx_word' id='word_1_133' title='bbox 178 2094 293 2150; x_wconf 87' lang='lat' dir='ltr'>natura</span> <span class='ocrx_word' id='word_1_134' title='bbox 320 2081 456 2148; x_wconf 91' lang='lat' dir='ltr'>dominii</span> <span class='ocrx_word' id='word_1_135' title='bbox 486 2079 750 2148; x_wconf 83' lang='lat' dir='ltr'>ratiocinationes</span> <span class='ocrx_word' id='word_1_136' title='bbox 784 2081 901 2148; x_wconf 89' lang='lat' dir='ltr'>eodem</span> <span class='ocrx_word' id='word_1_137' title='bbox 936 2081 1078 2168; x_wconf 89' lang='lat' dir='ltr'>denique</span> <span class='ocrx_word' id='word_1_138' title='bbox 1104 2082 1265 2149; x_wconf 88' lang='lat' dir='ltr'>redituras</span> 
     </span>
     <span class='ocr_line' id='line_1_18' title="bbox 106 2186 364 2258; baseline -0.031 -2"><span class='ocrx_word' id='word_1_139' title='bbox 106 2211 180 2258; x_wconf 87' lang='lat' dir='ltr'>esse</span> <span class='ocrx_word' id='word_1_140' title='bbox 204 2186 364 2252; x_wconf 81' lang='lat' dir='ltr'>existimo.</span> 
     </span>
    </p>

    <p class='ocr_par' dir='ltr' id='par_1_4' title="bbox 106 2284 1268 2778">
     <span class='ocr_line' id='line_1_19' title="bbox 212 2284 1268 2376; baseline -0.001 -21"><span class='ocrx_word' id='word_1_141' title='bbox 212 2290 392 2376; x_wconf 89' lang='lat' dir='ltr'>Perperam</span> <span class='ocrx_word' id='word_1_142' title='bbox 410 2287 520 2371; x_wconf 90' lang='lat' dir='ltr'>itaque</span> <span class='ocrx_word' id='word_1_143' title='bbox 547 2307 615 2362; x_wconf 89' lang='lat' dir='ltr'>non</span> <span class='ocrx_word' id='word_1_144' title='bbox 636 2284 684 2349; x_wconf 92' lang='lat' dir='ltr'>illi</span> <span class='ocrx_word' id='word_1_145' title='bbox 702 2295 860 2372; x_wconf 88' lang='lat' dir='ltr'>egerunt,</span> <span class='ocrx_word' id='word_1_146' title='bbox 892 2287 948 2372; x_wconf 91' lang='lat' dir='ltr'>qui</span> <span class='ocrx_word' id='word_1_147' title='bbox 967 2287 1268 2374; x_wconf 85' lang='lat' dir='ltr'>praesumptionem</span> 
     </span>
     <span class='ocr_line' id='line_1_20' title="bbox 106 2386 1265 2482; baseline -0.002 -26"><span class='ocrx_word' id='word_1_148' title='bbox 106 2416 166 2482; x_wconf 88' lang='lat' dir='ltr'>pro</span> <span class='ocrx_word' id='word_1_149' title='bbox 189 2391 336 2456; x_wconf 89' lang='lat' dir='ltr'>libertate</span> <span class='ocrx_word' id='word_1_150' title='bbox 359 2387 528 2454; x_wconf 90' lang='lat' dir='ltr'>statuerint</span> <span class='ocrx_word' id='word_1_151' title='bbox 550 2387 726 2464; x_wconf 87' lang='lat' dir='ltr'>exsistere,</span> <span class='ocrx_word' id='word_1_152' title='bbox 754 2387 814 2454; x_wconf 89' lang='lat' dir='ltr'>sed</span> <span class='ocrx_word' id='word_1_153' title='bbox 841 2386 898 2474; x_wconf 91' lang='lat' dir='ltr'>qui</span> <span class='ocrx_word' id='word_1_154' title='bbox 924 2387 1005 2455; x_wconf 88' lang='lat' dir='ltr'>haec</span> <span class='ocrx_word' id='word_1_155' title='bbox 1029 2388 1074 2456; x_wconf 87' lang='lat' dir='ltr'>ita</span> <span class='ocrx_word' id='word_1_156' title='bbox 1095 2387 1265 2455; x_wconf 86' lang='lat' dir='ltr'>intellexe-</span> 
     </span>
     <span class='ocr_line' id='line_1_21' title="bbox 106 2487 1265 2577; baseline -0.002 -18"><span class='ocrx_word' id='word_1_157' title='bbox 106 2495 191 2570; x_wconf 90' lang='lat' dir='ltr'>rint,</span> <span class='ocrx_word' id='word_1_158' title='bbox 226 2501 262 2556; x_wconf 92' lang='lat' dir='ltr'>ut</span> <span class='ocrx_word' id='word_1_159' title='bbox 295 2488 410 2556; x_wconf 86' lang='lat' dir='ltr'>altiora</span> <span class='ocrx_word' id='word_1_160' title='bbox 436 2487 615 2555; x_wconf 88' lang='lat' dir='ltr'>sententiae</span> <span class='ocrx_word' id='word_1_161' title='bbox 639 2487 732 2552; x_wconf 88' lang='lat' dir='ltr'>istius</span> <span class='ocrx_word' id='word_1_162' title='bbox 763 2487 960 2556; x_wconf 89' lang='lat' dir='ltr'>adminicula</span> <span class='ocrx_word' id='word_1_163' title='bbox 987 2491 1265 2577; x_wconf 86' lang='lat' dir='ltr'>praeteruidentes</span> 
     </span>
     <span class='ocr_line' id='line_1_22' title="bbox 107 2591 1267 2683; baseline -0.001 -24"><span class='ocrx_word' id='word_1_164' title='bbox 107 2618 244 2683; x_wconf 89' lang='lat' dir='ltr'>prauam</span> <span class='ocrx_word' id='word_1_165' title='bbox 274 2591 436 2679; x_wconf 87' lang='lat' dir='ltr'>quandam</span> <span class='ocrx_word' id='word_1_166' title='bbox 462 2613 522 2677; x_wconf 90' lang='lat' dir='ltr'>pro</span> <span class='ocrx_word' id='word_1_167' title='bbox 550 2611 743 2677; x_wconf 90' lang='lat' dir='ltr'>possessore</span> <span class='ocrx_word' id='word_1_168' title='bbox 769 2592 1069 2677; x_wconf 86' lang='lat' dir='ltr'>praesumptionem</span> <span class='ocrx_word' id='word_1_169' title='bbox 1094 2614 1267 2678; x_wconf 88' lang='lat' dir='ltr'>opponen-</span> 
     </span>
     <span class='ocr_line' id='line_1_23' title="bbox 108 2689 1266 2778; baseline 0 -17"><span class='ocrx_word' id='word_1_170' title='bbox 108 2697 185 2762; x_wconf 90' lang='lat' dir='ltr'>dam</span> <span class='ocrx_word' id='word_1_171' title='bbox 210 2693 241 2760; x_wconf 88' lang='lat' dir='ltr'>ei</span> <span class='ocrx_word' id='word_1_172' title='bbox 272 2692 468 2759; x_wconf 85' lang='lat' dir='ltr'>censuerint.</span> <span class='ocrx_word' id='word_1_173' title='bbox 510 2689 562 2757; x_wconf 89' lang='lat' dir='ltr'>Cf.</span> <span class='ocrx_word' id='word_1_174' title='bbox 590 2692 798 2757; x_wconf 77' lang='lat' dir='ltr'>Znonnams</span> <span class='ocrx_word' id='word_1_175' title='bbox 824 2692 867 2776; x_wconf 83' lang='lat' dir='ltr'>Q.</span> <span class='ocrx_word' id='word_1_176' title='bbox 894 2693 990 2760; x_wconf 91' lang='lat' dir='ltr'>XVI.</span> <span class='ocrx_word' id='word_1_177' title='bbox 1017 2693 1048 2778; x_wconf 79' lang='lat'>§·</span> <span class='ocrx_word' id='word_1_178' title='bbox 1071 2695 1120 2772; x_wconf 77' lang='grc'>2.,</span> <span class='ocrx_word' id='word_1_179' title='bbox 1146 2695 1266 2762; x_wconf 75' lang='lat' dir='ltr'>Vom-</span> 
     </span>
    </p>
   </div>
   <div class='ocr_carea' id='block_1_3' title="bbox 110 2793 878 2898">
    <p class='ocr_par' dir='ltr' id='par_1_5' title="bbox 110 2793 878 2898">
     <span class='ocr_line' id='line_1_24' title="bbox 110 2793 878 2898; baseline -0.008 -35"><span class='ocrx_word' id='word_1_180' title='bbox 110 2813 261 2863; x_wconf 76' lang='lat' dir='ltr'>saonvrs</span> <span class='ocrx_word' id='word_1_181' title='bbox 282 2797 314 2880; x_wconf 74' lang='lat'>§-</span> <span class='ocrx_word' id='word_1_182' title='bbox 336 2795 378 2873; x_wconf 84' lang='grc'>6.,</span> <span class='ocrx_word' id='word_1_183' title='bbox 397 2794 620 2860; x_wconf 73' lang='lat' dir='ltr'>Mvnnunavs</span> <span class='ocrx_word' id='word_1_184' title='bbox 639 2818 675 2881; x_wconf 91' lang='lat' dir='ltr'>p.</span> <span class='ocrx_word' id='word_1_185' title='bbox 701 2793 780 2859; x_wconf 79' lang='lat'><strong>194..</strong></span> <span class='ocrx_word' id='word_1_186' title='bbox 875 2895 878 2898; x_wconf 14' lang='grc' dir='ltr'>Ι</span> 
     </span>
    </p>
   </div>
   <div class='ocr_carea' id='block_1_4' title="bbox 114 2979 315 2994">
    <p class='ocr_par' dir='ltr' id='par_1_6' title="bbox 114 2979 315 2994">
     <span class='ocr_line' id='line_1_25' title="bbox 114 2979 315 2994; baseline -0.01 0"><span class='ocrx_word' id='word_1_187' title='bbox 114 2979 315 2994; x_wconf 77' lang='lat'>-—--=—·</span> 
     </span>
    </p>
   </div>
   <div class='ocr_carea' id='block_1_5' title="bbox 107 3103 1266 3542">
    <p class='ocr_par' dir='ltr' id='par_1_7' title="bbox 107 3103 1266 3450">
     <span class='ocr_line' id='line_1_26' title="bbox 108 3103 1266 3172; baseline -0.002 -12"><span class='ocrx_word' id='word_1_188' title='bbox 108 3111 198 3160; x_wconf 89' lang='lat' dir='ltr'>firmet</span> <span class='ocrx_word' id='word_1_189' title='bbox 213 3109 236 3172; x_wconf 70' lang='grc' dir='ltr'>ξ.</span> <span class='ocrx_word' id='word_1_190' title='bbox 258 3105 309 3171; x_wconf 88' lang='grc'><strong>16.,</strong></span> <span class='ocrx_word' id='word_1_191' title='bbox 335 3106 490 3156; x_wconf 79' lang='lat' dir='ltr'>Lnrsnnvs</span> <span class='ocrx_word' id='word_1_192' title='bbox 509 3120 580 3170; x_wconf 85' lang='lat' dir='ltr'>spec.</span> <span class='ocrx_word' id='word_1_193' title='bbox 600 3103 658 3156; x_wconf 74' lang='lat'><strong>109.</strong></span> <span class='ocrx_word' id='word_1_194' title='bbox 710 3104 756 3169; x_wconf 89' lang='lat' dir='ltr'>qui</span> <span class='ocrx_word' id='word_1_195' title='bbox 774 3104 908 3155; x_wconf 80' lang='lat' dir='ltr'>maximus</span> <span class='ocrx_word' id='word_1_196' title='bbox 927 3107 971 3155; x_wconf 83' lang='lat' dir='ltr'>est</span> <span class='ocrx_word' id='word_1_197' title='bbox 993 3104 1021 3155; x_wconf 86' lang='lat' dir='ltr'>in</span> <span class='ocrx_word' id='word_1_198' title='bbox 1039 3107 1266 3172; x_wconf 78' lang='lat' dir='ltr'>praesumptioni-</span> 
     </span>
     <span class='ocr_line' id='line_1_27' title="bbox 108 3197 1263 3264; baseline -0.002 -12"><span class='ocrx_word' id='word_1_199' title='bbox 108 3218 131 3252; x_wconf 88' lang='lat' dir='ltr'>c.</span> <span class='ocrx_word' id='word_1_200' title='bbox 149 3201 192 3264; x_wconf 72' lang='lat' dir='ltr'>V,</span> <span class='ocrx_word' id='word_1_201' title='bbox 211 3215 246 3250; x_wconf 85' lang='lat' dir='ltr'>ex</span> <span class='ocrx_word' id='word_1_202' title='bbox 264 3199 458 3250; x_wconf 81' lang='lat' dir='ltr'>recentioribus</span> <span class='ocrx_word' id='word_1_203' title='bbox 475 3199 659 3251; x_wconf 81' lang='lat' dir='ltr'>Prnrrrnavs</span> <span class='ocrx_word' id='word_1_204' title='bbox 711 3197 761 3246; x_wconf 81' lang='lat' dir='ltr'>bur</span> <span class='ocrx_word' id='word_1_205' title='bbox 779 3197 851 3246; x_wconf 90' lang='lat' dir='ltr'>inter</span> <span class='ocrx_word' id='word_1_206' title='bbox 868 3210 897 3246; x_wconf 87' lang='lat' dir='ltr'>se</span> <span class='ocrx_word' id='word_1_207' title='bbox 917 3199 1089 3262; x_wconf 84' lang='lat' dir='ltr'>opponendis</span> <span class='ocrx_word' id='word_1_208' title='bbox 1107 3199 1263 3250; x_wconf 71' lang='lat' dir='ltr'>Samnn-</span> 
     </span>
     <span class='ocr_line' id='line_1_28' title="bbox 107 3285 1262 3360; baseline -0.004 -13"><span class='ocrx_word' id='word_1_209' title='bbox 107 3311 135 3360; x_wconf 91' lang='lat' dir='ltr'>p.</span> <span class='ocrx_word' id='word_1_210' title='bbox 154 3291 234 3356; x_wconf 57' lang='lat'>210„</span> <span class='ocrx_word' id='word_1_211' title='bbox 265 3292 439 3344; x_wconf 82' lang='lat' dir='ltr'>Sennrrrrvs</span> <span class='ocrx_word' id='word_1_212' title='bbox 458 3292 481 3353; x_wconf 64' lang='grc' dir='ltr'>ξ.</span> <span class='ocrx_word' id='word_1_213' title='bbox 500 3287 540 3354; x_wconf 85' lang='grc'>7.,</span> <span class='ocrx_word' id='word_1_214' title='bbox 570 3289 659 3341; x_wconf 79' lang='lat' dir='ltr'>Snvr-</span> <span class='ocrx_word' id='word_1_215' title='bbox 709 3303 763 3338; x_wconf 73' lang='lat' dir='ltr'>svs</span> <span class='ocrx_word' id='word_1_216' title='bbox 782 3305 809 3352; x_wconf 90' lang='lat' dir='ltr'>p.</span> <span class='ocrx_word' id='word_1_217' title='bbox 832 3285 890 3339; x_wconf 80' lang='lat'><strong>137.</strong></span> <span class='ocrx_word' id='word_1_218' title='bbox 911 3287 978 3342; x_wconf 81' lang='lat'><strong>138..</strong></span> <span class='ocrx_word' id='word_1_219' title='bbox 996 3291 1100 3343; x_wconf 79' lang='lat' dir='ltr'>contra</span> <span class='ocrx_word' id='word_1_220' title='bbox 1117 3293 1262 3357; x_wconf 79' lang='lat' dir='ltr'>praecipue</span> 
     </span>
     <span class='ocr_line' id='line_1_29' title="bbox 109 3379 939 3450; baseline -0.004 -13"><span class='ocrx_word' id='word_1_221' title='bbox 109 3400 221 3438; x_wconf 80' lang='lat' dir='ltr'>rnnrvs</span> <span class='ocrx_word' id='word_1_222' title='bbox 266 3401 293 3449; x_wconf 88' lang='lat' dir='ltr'>p.</span> <span class='ocrx_word' id='word_1_223' title='bbox 340 3383 383 3435; x_wconf 84' lang='lat'>75.</span> <span class='ocrx_word' id='word_1_224' title='bbox 433 3384 601 3435; x_wconf 77' lang='lat' dir='ltr'>Fronnurvs</span> <span class='ocrx_word' id='word_1_225' title='bbox 633 3382 660 3450; x_wconf 85' lang='lat'>§.</span> <span class='ocrx_word' id='word_1_226' title='bbox 708 3382 841 3434; x_wconf 80' lang='lat' dir='ltr'>Essnnvs</span> <span class='ocrx_word' id='word_1_227' title='bbox 860 3397 887 3446; x_wconf 91' lang='lat' dir='ltr'>p.</span> <span class='ocrx_word' id='word_1_228' title='bbox 905 3379 939 3434; x_wconf 80' lang='grc'>8..</span> 
     </span>
    </p>

    <p class='ocr_par' dir='ltr' id='par_1_8' title="bbox 109 3471 661 3542">
     <span class='ocr_line' id='line_1_30' title="bbox 109 3471 661 3542; baseline -0.011 -12"><span class='ocrx_word' id='word_1_229' title='bbox 109 3475 178 3542; x_wconf 85' lang='grc'><strong>771.,</strong></span> <span class='ocrx_word' id='word_1_230' title='bbox 209 3477 462 3530; x_wconf 79' lang='lat' dir='ltr'>Wnrssenannavs</span> <span class='ocrx_word' id='word_1_231' title='bbox 487 3491 514 3540; x_wconf 88' lang='lat' dir='ltr'>p.</span> <span class='ocrx_word' id='word_1_232' title='bbox 537 3471 606 3538; x_wconf 70' lang='lat'>³01,</span> <span class='ocrx_word' id='word_1_233' title='bbox 634 3481 661 3524; x_wconf 86' lang='lat' dir='ltr'>et</span> 
     </span>
    </p>
   </div>
   <div class='ocr_carea' id='block_1_6' title="bbox 0 0 1538 5117">
    <p class='ocr_par' dir='ltr' id='par_1_9' title="bbox 0 0 1538 5117">
     <span class='ocr_line' id='line_1_31' title="bbox 0 0 1538 5117; baseline 0 0"><span class='ocrx_word' id='word_1_234' title='bbox 0 0 1538 5117; x_wconf 95' lang='lat' dir='ltr'> </span> 
     </span>
    </p>
   </div>
  </div>
 </body>
</html>
