3067 5117
1233 396 1254 465 7

97 556 244 623 uidentur.
318 554 419 633 Nulla
458 554 546 624 enim
589 561 638 619 est
676 549 779 629 ratio,
820 571 878 617 cur
914 545 1130 620 exheredatus
1176 567 1246 613 me-

96 658 173 725 dium
200 657 365 745 quendam
388 656 498 733 locum
526 652 671 722 obtineat
697 650 781 719 inter
819 650 980 741 pupillum
1009 650 1189 717 institutum
1215 659 1248 717 et

96 760 342 847 emancipatum,
364 758 410 831 ita
431 768 466 833 ut
487 756 662 825 dicendum
683 752 741 821 sit:

129 862 171 939 1⁰,
199 860 234 926 in
263 860 527 949 emancipato
557 858 662 947 patria
695 866 839 947 potestas
869 854 1002 924 omnino
1036 865 1068 922 et
1100 854 1178 922 uiuo
1211 865 1244 921 et

162 974 290 1029 mortuo
310 973 403 1051 patre
424 962 583 1031 exstincta
611 970 670 1040 est,
685 966 713 1042 ²]

125 1066 169 1143 2⁰,
189 1064 224 1131 in
250 1064 529 1143 exheredato,
563 1063 672 1151 quoad
699 1073 808 1131 cetera
830 1062 1022 1131 confirmata
1047 1072 1115 1139 sst,
1142 1069 1241 1141 testa-

158 1178 305 1235 mentum
328 1178 436 1237 autem
458 1166 488 1233 ei
509 1167 616 1235 lacere
638 1164 814 1243 nonlicet,

123 1271 169 1349 3⁰,
189 1270 224 1335 in
243 1268 451 1335 instituto
475 1266 605 1335 demum
628 1269 723 1336 etiam
744 1265 977 1335 haecfacultas
998 1266 1199 1334 conceditur.

179 1372 378 1461 Itaqueiam
399 1371 576 1459 antiquitus
596 1371 728 1440 licuisse
749 1372 949 1461 perentibus,
961 1370 1073 1440 liberis
1090 1368 1158 1438 suis
1177 1369 1240 1435 im-

89 1472 267 1561 puberibus,
290 1475 363 1543 siue
383 1473 581 1551 instituerint
601 1498 679 1553 eos,
703 1474 773 1541 sine
803 1472 1091 1552 exheredauerint,
1118 1473 1240 1540 substi-

89 1588 186 1657 tuere,
208 1598 405 1664 persuasum
426 1575 601 1647 habemus:
623 1599 730 1663 neque
745 1576 1239 1665 hocposteriorcdemumjtem·

89 1700 159 1764 pore
184 1679 335 1767 agnitum
354 1677 454 1745 hrisse
475 1677 705 1757 concedemus,
731 1680 820 1769 quod
838 1703 1012 1767 perperam
1030 1681 1239 1750 nassouve

88 1779 107 1843 l.
126 1802 151 1845 e.
183 1781 367 1847 coniecisse
392 1780 531 1847 uidetur.
560 1778 775 1863 [Conferatur
801 1784 842 1848 L.
872 1785 900 1850 1.
932 1784 963 1867 S.
984 1786 1014 1852 2.
1032 1783 1073 1851 de
1094 1785 1185 1874 uulg.
1209 1797 1242 1854 et

88 1904 156 1969 nur·
176 1881 359 1967 (xxvru,
380 1882 454 1969 611·

180 1984 303 2073 Neque
323 2008 403 2054 uero
424 1982 542 2059 mirum
563 1993 628 2063 est,
651 1985 768 2053 nullibi
779 2008 840 2054 nos
851 1986 1073 2059 testimonium
1089 1990 1239 2078 inuenire

89 2087 265 2175 antiquius,
288 2110 354 2179 qun
377 2086 459 2157 haec
480 2096 592 2157 nostra
610 2087 820 2158 confirmetur
839 2092 1011 2159 sententia.

182 2188 399 2258 contendere
417 2188 504 2270 enim
525 2211 721 2277 possumus,
745 2191 899 2277 quamdiu
919 2193 1067 2263 moribus
1092 2198 1240 2269 nondum
1321 2246 1324 2250 f

89 2291 258 2379 deperditis
287 2290 392 2379 patrie
418 2290 545 2365 Romae
572 2302 718 2379 potestas
748 2292 874 2373 floruit,
907 2296 1030 2367 tamdiu
1060 2298 1173 2387 legum
1203 2303 1239 2375 ia

89 2393 139 2461 hae
158 2418 193 2463 re
210 2390 424 2484 praescriptis
453 2412 536 2478 opus
564 2414 632 2469 non
659 2392 783 2474 luisse,
814 2418 914 2481 quum
939 2409 1047 2485 patres
1079 2414 1239 2488 potestate

91 2519 141 2563 sus
158 2496 247 2567 male
267 2492 362 2565 abusi
382 2516 450 2565 uon
468 2493 606 2573 luerint,
628 2494 738 2582 itaque
761 2496 909 2583 quamuis
931 2498 1029 2567 tacita
1048 2501 1238 2575 dafecultas

91 2620 240 2666 concessa
260 2596 373 2675 tuerit,
404 2618 477 2667 enm
504 2606 612 2667 tamen
641 2619 709 2665 non
739 2598 961 2667 adhibuerint:
992 2624 1057 2689 quo
1086 2605 1238 2676 eflectum

91 2712 146 2780 est,
182 2712 218 2769 ut
252 2696 418 2783 impietate
455 2696 586 2765 demum
614 2720 728 2765 eorum
760 2712 976 2789 augescente,
1013 2702 1143 2773 libidini
1179 2730 1237 2776 oc·

91 2812 274 2870 curreretur.
319 2800 435 2889 Neque
462 2799 526 2869 hoc
559 2801 630 2867 eine
662 2802 813 2889 exemplo
843 2815 902 2871 est.
955 2804 1113 2876 Similiter
1149 2810 1237 2885 enim

90 2902 118 2969 in
146 2900 362 2977 matrimoniis
402 2902 569 2975 soluendis
596 2902 716 2970 factum
745 2926 819 2972 esse
854 2905 1021 2987 uidemus,
1053 2920 1089 2979 ut
1122 2908 1237 2979 diutis-

92 3005 163 3073 sime
198 3003 332 3094 quidem
359 3002 554 3091 coniugibus
581 3004 677 3075 luerit
705 3006 834 3093 repudii
860 2994 1019 3088 facultas,
1048 3010 1239 3099 prinsquam

90 3107 143 3194 Sp.
154 3106 320 3175 Caruilius
341 3103 388 3177 uti
409 3127 448 3175 es
468 3128 565 3175 ausus
585 3107 645 3189 sit,
670 3118 804 3195 propter
824 3132 952 3182 morum
972 3112 1166 3199 grauitatem
1184 3112 1237 3181 in·

92 3211 283 3299 terpositatn

185 3314 292 3381 Porro
314 3323 433 3393 autem,
450 3334 550 3400 quum
572 3314 712 3401 antiquis
727 3313 860 3402 quidem
882 3314 1083 3401 temporibus
1102 3316 1238 3404 pupillis

93 3424 120 3479 et
137 3415 289 3491 institutis
310 3426 343 3489 et
363 3413 566 3490 exheredatis
587 3416 805 3489 substituendi
820 3416 967 3506 patribus
984 3417 1163 3500 ismlnisse
1175 3444 1238 3508 po-

92 3526 230 3587 testatem
250 3540 440 3586 concessam
465 3517 688 3597 statuerimus,
716 3518 816 3606 idque
837 3542 877 3587 eo
907 3520 1037 3587 firmam
1064 3523 1239 3591 tentaueri·

93 3640 173 3701 mus,
193 3621 283 3709 quod
303 3618 504 3709 pupillorum
524 3620 613 3687 bona
631 3632 707 3705 post
727 3634 865 3691 mortem
884 3622 986 3710 patris
1007 3623 1166 3711 acquisita
1178 3648 1239 3713 pa-

97 3854 287 3875 ''m-n

130 3994 153 4063 ²)
179 3998 357 4067 Emoncipsto
380 4003 499 4064 tutorem
535 3998 636 4055 consti-
686 4003 735 4051 tut.
754 3997 872 4063 (XXVI,
892 3996 936 4059 3.).
959 3997 1132 4066 Pupillsriter
1149 4006 1241 4056 satem

95 4090 178 4147 luendi
193 4092 237 4145 ius
253 4092 388 4159 praetoris
407 4098 512 4159 mutum
532 4090 635 4143 auxilio
687 4091 851 4156 substituere
890 4092 1059 4157 emndpsto
1100 4108 1241 4161 nunqnam

95 4183 637 4255 qnodsmmodopstriconceditnr,deiure
687 4190 766 4249 pater
775 4191 877 4251 potest,
888 4186 939 4239 nisi
953 4186 1024 4240 lette
1038 4186 1116 4249 miles
1135 4186 1179 4239 sit.
1196 4186 1238 4239 cf.

96 4272 157 4327 hene
169 4276 326 4343 fncnltettut
336 4277 460 4345 perdidit.
486 4278 527 4335 Ol.
547 4279 571 4341 §.
582 4275 637 4335 5.1,
689 4278 719 4343 h.
731 4274 774 4333 ll.
787 4274 846 4343 hl.
861 4280 963 4341 detest.
971 4279 1027 4335 mil.
1040 4277 1197 4344 (xxvnn,
1206 4274 1240 4339 1.)

97 4366 325 4436 contentato.)
344 4370 375 4423 Ia
388 4369 412 4424 l.
432 4368 458 4437 5.
469 4371 494 4427 2.
512 4372 547 4423 de
566 4368 638 4436 conl
