3067 5117
285 383 329 457 (Β

391 540 432 607 Iu
462 540 617 629 pupillari
647 538 876 609 substitutione
909 562 1011 607 uuum
1031 536 1150 607 dicitur
1172 560 1245 609 esse
1269 550 1440 607 testamen·

289 652 375 719 tum,
400 653 433 707 et
450 643 515 709 hoo
537 642 669 728 quidem
689 641 735 709 ite
754 640 979 729 recipiendum
1001 654 1069 721 est,
1090 652 1126 708 ut
1148 642 1189 709 sd
1211 641 1315 707 solam
1334 640 1442 727 petris,

288 743 345 827 qui
365 753 478 809 unctor
498 755 577 820 eret,
599 743 799 809 uoluntatem
820 754 923 809 tetum
943 745 1054 831 utique
1075 752 1303 811 testamentum
1323 742 1441 808 refers-

287 854 354 922 tur,
387 844 516 931 itaque,
548 844 824 931 quemadmodum
846 844 916 911 fieri
937 845 1067 932 nequit,
1099 856 1195 911 utex
1218 866 1291 909 esse
1314 853 1442 928 epatre

289 944 384 1011 heres
403 945 568 1013 institutus
592 970 633 1014 ex
652 957 744 1033 parte
765 944 845 1011 uelit
874 946 1128 1029 exsistere,1⁰⁶)
1162 946 1216 1013 uel
1237 945 1284 1023 is,
1321 944 1378 1030 qui
1411 943 1442 1006 in

288 1045 399 1131 plures
415 1047 584 1133 portiones
604 1048 743 1133 scriptus
763 1046 815 1123 sit,
836 1045 915 1113 alios
938 1047 1042 1125 adeat,
1066 1047 1145 1115 ulios
1167 1070 1236 1114 non
1258 1044 1442 1127 edest,¹⁰⁶)

287 1148 334 1213 its
356 1148 453 1214 etium
474 1149 516 1215 sd
537 1172 630 1226 eum,
664 1149 721 1234 qui
752 1147 862 1234 eliqua
889 1173 930 1215 ex
950 1161 1042 1237 parte
1063 1150 1098 1215 in
1118 1148 1273 1237 pupillari
1290 1145 1442 1212 substitu-

287 1249 377 1315 tione
398 1250 499 1335 petris
519 1250 720 1315 uoluntatem
741 1250 996 1337 oppugnauerit‚
1027 1251 1082 1318 uel
1114 1252 1146 1317 ei
1175 1274 1210 1317 se
1241 1243 1444 1321 subtraxerit,

289 1349 381 1415 nulls
401 1373 443 1416 ex
462 1359 570 1438 porte,
600 1351 689 1437 quod
714 1353 816 1439 patris
843 1362 1035 1419 testamento
1058 1364 1211 1420 statutum
1238 1360 1304 1429 est,
1336 1347 1443 1415 redhi-

287 1451 360 1517 beri
389 1451 505 1531 debet,
531 1453 591 1519 sed
620 1463 675 1519 sut
694 1464 798 1519 totum
819 1464 1045 1521 testamentum
1072 1464 1248 1541 agnoscat,
1277 1462 1333 1518 sut
1356 1448 1444 1536 quie·

290 1552 369 1638 quid
389 1552 467 1619 inde
487 1554 646 1640 consequi
666 1554 787 1641 possit,
808 1554 839 1621 ei
861 1555 1034 1632 renuntiet,
1056 1574 1192 1619 necesse
1214 1564 1273 1621 ost.
1312 1554 1344 1617 E
1368 1572 1444 1616 eon·
1521 1624 1522 1627 Ἴ

289 1654 388 1719 trario
410 1653 577 1721 obtinente
599 1655 663 1721 elis
690 1656 769 1721 iuris
798 1656 931 1743 regula,
964 1654 1054 1743 quod
1079 1652 1202 1721 scilieet
1215 1702 1224 1734 ‚
1257 1654 1313 1740 qui
1343 1652 1447 1736 alique

288 1778 331 1821 ex
352 1766 443 1841 porte
465 1755 676 1822 immiscuerit
693 1780 766 1823 sese
797 1770 951 1843 paternae
986 1755 1178 1834 hereditati,
1211 1766 1311 1821 totum
1345 1774 1445 1839 agno-

289 1856 377 1922 uisse
417 1856 559 1923 ereditur
591 1868 623 1923 et
645 1858 794 1943 occipere
825 1857 969 1943 cogitur,
1005 1856 1183 1922 identidem
1217 1856 1369 1932 eueniet,
1414 1862 1445 1915 ut

288 1958 359 2023 siue
380 1957 453 2043 quis
474 1972 644 2046 paternam
664 1958 734 2024 siue
755 1959 950 2045 pupillarem
972 1958 1280 2039 hereditatem‚¹⁰¹)
1305 1956 1378 2023 siue
1397 1965 1444 2018 to-

288 2068 354 2123 tum
383 2060 455 2125 siue
484 2082 525 2125 ex
547 2071 639 2146 purte
659 2059 797 2137 adierit,
831 2060 859 2123 is
892 2059 990 2125 etiam
1019 2058 1099 2124 elias
1130 2080 1244 2125 omnes
1265 2058 1443 2144 portiones,

289 2159 426 2244 inques
447 2171 503 2225 sut
523 2162 663 2247 scriptus
686 2162 728 2227 sit
757 2170 971 2238 testamento,
1010 2170 1065 2225 sut
1093 2181 1174 2245 ques
1202 2160 1236 2225 ui
1265 2155 1445 2224 testamenti

289 2259 379 2325 uelut
399 2260 470 2325 iure
492 2261 699 2327 accrescendi
718 2262 772 2327 uel
804 2262 1033 2328 substitutione
1059 2259 1227 2327 habiturus
1263 2257 1322 2337 sit,
1358 2258 1444 2325 edire

289 2370 321 2425 et
342 2382 444 2427 onera
465 2361 505 2425 iis
526 2361 679 2448 impositu
698 2362 782 2429 ferre
803 2364 931 2430 debeat.
1521 2438 1522 2441 Ἴ

390 2462 435 2526 At
465 2483 545 2528 uero
575 2462 660 2530 hane
679 2466 832 2531 Ivmnno
862 2465 1021 2532 rationem
1043 2463 1231 2549 neutiquam
1258 2458 1444 2527 adscriben-
1521 2478 1522 2483 ¹

289 2560 365 2627 dom
393 2584 467 2627 esso
495 2563 657 2649 quispiam
685 2564 821 2643 dixerit,
846 2588 1034 2653 prouocans
1064 2565 1107 2631 ad
1134 2566 1176 2631 L.
1209 2565 1259 2633 27.
1287 2562 1318 2645 S·
1351 2563 1382 2630 2.
1406 2558 1445 2624 ad

288 2662 357 2731 SC.
378 2663 477 2729 Treb.
499 2663 681 2747 (XXXVI,
704 2667 766 2751 1.)2

371 2764 468 2847 „Qui
496 2777 681 2852 suspectam
702 2767 766 2833 sibi
785 2768 998 2835 hereditatem
1019 2768 1116 2846 dicit,
1146 2764 1272 2831 nullum
1300 2786 1444 2830 eommo-

367 2866 446 2931 dum
466 2888 508 2931 ex
528 2878 719 2935 testamento
740 2880 978 2957 consequetur,
1007 2870 1097 2955 quod
1114 2867 1281 2932 habiturus
1303 2890 1373 2933 non
1394 2888 1443 2931 es-

369 2980 436 3044 set,
459 2967 487 3032 si
503 2967 598 3034 heres
620 2970 783 3037 institutus
808 2994 875 3036 uon
895 2970 1025 3048 fuisset,
1054 2981 1195 3037 autnon
1218 2968 1363 3034 adiisset.
1404 2968 1445 3032 Et
1520 3012 1521 3021 2

370 3069 464 3147 ideo,
487 3070 515 3134 si
537 3070 663 3157 pupillo
687 3072 876 3138 substitutus
895 3072 990 3137 fuerit
1009 3072 1069 3137 its:
1091 3071 1329 3157 „Quisquis
1353 3066 1445 3135 mihi

367 3170 490 3237 heres
512 3172 611 3250 erit,
633 3172 741 3239 idem
760 3172 857 3239 filio
878 3195 972 3239 meo
994 3172 1288 3259 heres-estest
1317 3170 1444 3237 heredi·
1520 3194 1521 3225 t

367 3280 485 3348 tatem,
517 3294 600 3357 quae
629 3296 669 3339 ex
699 3275 929 3341 substitutione
960 3272 1001 3341 ad
1023 3296 1097 3339 eum
1116 3273 1321 3361 peruenerit,
1352 3272 1443 3339 resti-

289 3477 489 3491 ...μ-...-

286 3628 353 3663 uero
385 3627 447 3664 esse
478 3612 506 3662 in
537 3611 596 3661 iuro
619 3613 790 3666 Iustinisneo
808 3618 839 3667 L.
931 3616 996 3682 ¹⁰⁵)
1017 3618 1059 3669 cf.
1077 3618 1162 3671 Isto.
1183 3621 1216 3669 de
1234 3633 1293 3683 seq.
1314 3623 1342 3667 et
1360 3630 1419 3668 om..

288 3704 332 3758 42.
355 3703 397 3753 eit
428 3704 458 3754 in
485 3711 614 3768 promptu
644 3713 695 3769 est,
717 3715 745 3757 et
764 3710 839 3773 quod
929 3709 994 3775 ¹⁰⁶)
1015 3712 1056 3761 Cf.
1074 3712 1105 3762 L.
1125 3710 1151 3763 2.
1169 3714 1203 3760 de
1221 3726 1281 3775 req.
1307 3718 1334 3759 et
1351 3726 1411 3761 om..

287 3811 321 3847 eo
339 3797 419 3847 titulo
438 3796 590 3860 exhibetur,
618 3814 673 3862 quo
694 3802 839 3864 seperatim
930 3800 1054 3862 101)οί
1073 3805 1104 3855 L.
1124 3802 1166 3855 40.
1186 3804 1229 3853 eit.
1250 3802 1279 3854 in
1297 3806 1378 3866 med,
1414 3800 1442 3852 L
1519 3800 1520 3813 ²

284 3890 353 3939 bueo
382 3890 506 3954 quaestio
537 3896 676 3955 metetur,
706 3896 735 3943 et
764 3896 840 3960 quod
892 3894 934 3946 59.
965 3898 997 3945 de
1026 3912 1084 3961 seq.
1117 3901 1144 3945 et
1175 3911 1237 3946 om..
1290 3894 1441 3946 clarissime
1519 3870 1520 3941 i

284 3981 438 4033 luculenter
452 3982 595 4046 oppositse
608 3984 760 4035 sententiae
780 4000 839 4035 cor·
889 4002 958 4038 uero
976 3988 1044 4037 huso
1070 3989 1205 4039 sententis
1227 3986 1384 4039 confirmatu
1403 3989 1443 4034 est

285 4073 433 4122 rectionem
469 4073 599 4124 eontinet.
636 4076 677 4126 cf.
704 4077 839 4128 Wrnrrvs
890 4078 924 4129 sb
952 4080 1013 4144 ipso
1040 4081 1214 4132 Issurnrnuo
1241 4082 1270 4134 in
1301 4081 1331 4130 L.
1351 4077 1393 4136 20.
1413 4076 1441 4127 O.

284 4180 311 4228 p.
331 4162 410 4227 tou,
427 4166 596 4217 Hvscmvs
626 4182 653 4230 p.
673 4166 732 4219 tot.
752 4182 839 4233 seqq,
892 4172 925 4221 de
943 4172 1001 4223 iure
1023 4173 1103 4224 delib.
1122 4173 1181 4240 (vl,
1202 4170 1264 4236 dd).

284 4256 498 4310 Visonuovrvs
517 4259 559 4309 ed.
580 4260 626 4311 Vl.
644 4275 671 4324 p.
690 4259 760 4314 215..
783 4332 786 4338 Ι
