3067 5117
1216 350 1276 421 1⁸5

133 507 276 572 ellectu
298 505 498 572 confessorie
520 529 635 594 agere,
660 529 759 592 quum
777 505 841 572 hoe
861 507 1011 572 uideatur
1030 528 1147 574 reuera
1166 508 1272 573 inten-

135 608 229 672 disse:

265 727 296 772 sr
328 755 335 770 .
364 727 479 774 ΡΑΒΕΤ
512 756 519 771 .
548 726 708 772 unnnvnr
735 754 743 771 .
773 725 856 773 ussa
887 727 1128 774 .vsvrnvcrv
1152 725 1268 772 ,Μ-

262 829 341 874 nvm
362 857 371 870 .
392 827 527 874 unvnr.

129 910 219 975 faeilis
240 911 315 974 inde
335 909 406 974 fieri
425 910 530 995 potuit
552 911 738 988 conclusio,
759 909 856 974 huius
878 921 964 974 certe
984 910 1174 977 intentionis
1194 909 1268 972 inn-

130 1012 315 1087 damentum,
338 1010 427 1095 quod
448 1009 630 1078 aliudesse
652 1012 775 1097 nequit,
795 1011 860 1076 nisi
882 1011 974 1096 ipsa
992 1011 1112 1076 fundi
1134 1010 1267 1076 liber-

128 1125 198 1188 tas,
229 1111 360 1198 probari
392 1112 522 1179 debere.
576 1113 658 1178 Tale
685 1135 764 1178 uero
786 1112 992 1178 Turornrn
1021 1113 1152 1178 effatum
1175 1111 1269 1196 quasi

128 1235 162 1276 ex
179 1213 329 1278 diametro
352 1213 538 1299 oppositum
562 1236 633 1278 esse
652 1213 836 1282 STEPHAM
857 1213 1042 1291 doetrinae,
1064 1214 1120 1298 qui
1141 1213 1266 1277 domi-

127 1315 223 1378 nium
245 1325 276 1378 et
296 1314 428 1398 quidem
459 1313 695 1380 dominium
723 1313 763 1378 in
784 1337 946 1400 genere
964 1315 1171 1401 probandum
1192 1336 1266 1380 esse

126 1427 300 1491 censuerat,
324 1425 441 1499 sponte
461 1415 680 1500 consequitur.

215 1517 283 1583 Sed
318 1517 423 1602 primo
453 1517 626 1602 adspectu,
660 1517 688 1580 si
723 1517 813 1603 optio
834 1528 883 1582 est
902 1517 1052 1584 facienda
1072 1520 1157 1583 inter
1178 1519 1266 1584 Suu-

26 1635 33 1691 ‘‚
124 1635 260 1682 rnruvrr
284 1630 315 1682 et
337 1617 598 1694 Tnaommvu,
621 1618 801 1683 clarissima
820 1630 852 1683 et
872 1618 1063 1705 planissima
1082 1621 1265 1687 Srnrurur

26 1799 27 1807 ἵ
124 1718 228 1796 uerba,
250 1720 455 1784 Trruorfflm
476 1718 719 1784 obscurioribus
741 1729 773 1784 et
794 1718 1031 1784 difficilioribus
1052 1720 1266 1806 praeferenda

26 1828 28 1886 ζ
124 1841 183 1882 esse
201 1819 365 1904 fidemque
386 1819 450 1884 illis
471 1818 654 1885 habendam
675 1819 780 1885 uideri
801 1834 945 1906 apparet.

26 1983 27 2003 ,
213 1921 327 2004 Itaque
362 1931 457 1986 antea
477 1921 683 1986 Tfluorfflm
716 1932 891 2006 praecepta
923 1922 963 1986 ab
996 1944 1055 1998 eo,
1090 1923 1145 2007 qui
1164 1922 1266 1988 uerba

121 2023 254 2107 magistri
276 2022 389 2086 litteris
410 2021 595 2096 mandauit,
619 2021 694 2105 quia
716 2020 978 2108 philosophicam
999 2022 1162 2106 quandam
1183 2043 1264 2085 eon-

27 2111 28 2121 *
121 2123 210 2188 tinent
231 2123 472 2200 deductionem,
493 2145 664 2208 perperam
686 2122 850 2188 intellecta
865 2146 937 2189 osse
957 2123 1121 2208 putabam,
1144 2121 1264 2207 quain

120 2247 149 2288 re
178 2225 345 2312 egregium
376 2223 537 2289 habebam
573 2223 744 2301 auxilium,
783 2225 873 2309 quod
896 2225 1132 2290 Tflnorffluvs
1165 2222 1264 2309 plane

27 2319 28 2368 3
120 2326 277 2412 negligere
300 2326 429 2390 uidetur
449 2325 551 2389 uerba
573 2324 734 2401 „inuito
754 2333 844 2400 me,“
865 2348 948 2410 quae
970 2325 1129 2391 formulae
1153 2325 1262 2390 inesse

120 2425 245 2503 debere,
268 2450 336 2492 non
358 2426 464 2510 potuit
483 2424 596 2511 ingere
621 2425 726 2489 uirum
760 2425 839 2493 iuris
862 2426 1104 2511 peritissimum.
1148 2427 1263 2511 Itaque

26 2569 27 2576 κ
123 2527 260 2604 eandem,
278 2550 375 2612 quam
389 2526 475 2612 apud
484 2527 706 2594 Srarnnnvu
718 2526 869 2612 legimus,
881 2527 1039 2594 rationem
1050 2527 1263 2614 proposuisse

121 2626 356 2693 Tnuornrnvrr
376 2650 569 2714 persuasum
589 2626 770 2704 habebam,
809 2629 898 2713 quod
919 2628 1043 2694 seilicet
1064 2629 1263 2714 exposuerit,

120 2729 310 2813 negatoriam
331 2729 492 2794 actionem
513 2730 630 2794 ieeiroo
652 2749 787 2812 prorsus
818 2752 890 2794 esse
922 2752 1054 2806 sanam,
1084 2729 1160 2813 quia
1181 2752 1262 2794 eon-

118 2828 277 2894 lessorium
300 2829 465 2914 quoddam
487 2830 518 2896 ei
537 2829 631 2907 insit,
652 2829 880 2915 probationem
898 2830 1072 2916 recipiens,
1093 2830 1167 2915 ipsa
1187 2829 1262 2894 dieo

120 2929 210 2996 uerba
230 2931 400 3007 „inuito
424 2939 528 3007 me,“
552 2930 689 2996 dominii
709 2930 872 3016 probandi
894 2931 1044 3016 uestigia.

213 3032 322 3114 Quum
344 3047 451 3096 tamen
472 3031 593 3106 iteratis
614 3031 727 3096 studiis
748 3031 836 3096 huno
858 3033 892 3096 iu
920 3032 1030 3097 looum
1052 3029 1261 3116 inquirerem,

120 3132 319 3197 coniectando
351 3132 404 3197 uel
435 3131 516 3198 adeo
541 3132 784 3219 interpretando
812 3144 935 3199 rectum
956 3154 1056 3220 posse
1078 3132 1148 3196 erui
1167 3131 1262 3196 uide·

119 3239 184 3306 bam
202 3242 264 3307 boo
281 3241 392 3320 modo,
413 3255 448 3308 ut
468 3245 608 3330 primum
628 3267 695 3310 uox
714 3237 917 3326 ,‚'errerdri“
947 3265 1014 3308 non
1034 3265 1093 3329 per
1117 3242 1261 3325 „quia“

120 3353 304 3432 redderetur,
329 3355 377 3419 uti
396 3357 515 3421 laetum
539 3358 642 3422 estin
664 3358 817 3422 uersione
838 3355 983 3442 uulgari,
1006 3353 1065 3418 sed
1093 3353 1262 3418 notionem

120 3453 319 3521 domesticam
341 3470 501 3536 seruaret,
524 3472 591 3524 tum
608 3481 686 3523 uero
711 3457 893 3533 deleretur,
916 3455 1005 3541 quod
1027 3455 1179 3520 facillime
1202 3455 1260 3520 ad-

24 3635 29 3649 h
120 3551 166 3617 iioi
191 3568 314 3641 poterat
339 3571 472 3646 propter
500 3560 675 3626 uerborum
703 3559 847 3646 speeiem
865 3555 1022 3623 formulae
1047 3557 1154 3622 tenori
1174 3555 1261 3621 haud

120 3667 302 3750 absimilem,
339 3669 512 3756 repetitum
549 3669 644 3733 illud:
689 3677 735 3734 El
759 3721 766 3735 .
794 3672 1048 3736 mAINn'rAI.
1104 3667 1263 3732 Libenter

120 3781 203 3847 eliam
234 3809 311 3870 pro:
352 3786 463 3870 „douai
489 3787 530 3874 τῆ
554 3791 699 3874 δυνάμει
723 3789 834 3858 ταῦτα
860 3792 1038 3872 λέγειν“
1086 3777 1261 3844 ⁸01'lb0r0ffl

117 3906 234 3984 »ταῦτα
261 3913 388 3985 λέξαι
396 3923 434 3994 ,“
471 3914 529 3979 sed
568 3915 700 3982 retineri
733 3927 841 4002 potest
874 3917 1018 4005 uulgata.
1071 3919 1133 3982 His
1162 3917 1261 4004 igitur

118 4025 387 4092 emendationibus
413 4025 505 4092 laetis
526 4024 589 4090 hoo
612 4027 819 4092 Tflnorfflu
841 4028 972 4092 effatum
993 4027 1168 4122 habemus:

186 4145 386 4230 „Postquam
408 4144 496 4209 enim
513 4166 705 4210 eoncessum
717 4155 776 4222 est,
787 4143 940 4225 (concedi
952 4157 1058 4210 autem
1068 4145 1152 4211 solet
1163 4145 1260 4210 etiarn

189 4245 276 4330 quod
293 4244 542 4332 probationibus
564 4245 739 4310 euineitur:
768 4246 902 4312 effeetus
933 4247 1100 4332 utriusque
1123 4268 1260 4312 eonces-

1000 4346 1058 4413 12*
