3067 5117
18 684 19 689 ἵ
186 593 278 661 Haec
309 592 410 667 uerba
431 594 622 685 saepissime
643 618 817 683 perperam
824 591 1054 670 'adhibuerunt
1074 598 1235 686 interpre-

18 698 19 719 ³
98 704 149 774 tes,
169 696 253 763 unde
267 719 415 763 caussam
433 709 634 785 repeterent,
657 721 716 764 eur
733 698 970 766 contribuenda
984 711 1094 765 essent
1114 701 1234 789 legata,

96 818 167 880 quae
190 820 304 863 reuera
324 798 559 866 contribuenda
579 822 663 878 esse,
683 823 745 868 nos
766 801 970 887 negauimus.
1012 798 1110 867 Certe
1127 814 1235 870 autem

97 899 212 986 egregie
232 900 370 986 quadrat
388 901 470 967 haec
492 900 546 967 lex
568 901 610 967 ad
629 901 719 967 illam
741 902 983 987 quaestionem,
1013 903 1092 989 quid
1110 904 1241 971 facien?

96 1000 160 1065 dum
180 1001 235 1079 sit,
257 1002 285 1067 si
303 1001 455 1068 secundis
478 1000 596 1068 tabulis
617 1001 761 1089 legatum
781 1002 888 1068 inerit.

182 1101 375 1169 Rectissime
399 1104 485 1169 enim
508 1104 644 1182 dicitur,
672 1102 881 1170 substitutum
908 1106 1015 1173 uideri
1034 1107 1095 1173 sub
1118 1108 1234 1175 condi·

95 1203 169 1271 tione
195 1204 376 1271 institutum
406 1227 497 1285 esse,
526 1206 591 1271 nisi
619 1206 708 1292 quod
729 1207 936 1293 grauioribus
958 1209 1234 1281 intercedentibus

94 1306 159 1372 iuris
173 1308 355 1395 praeceptis
373 1330 441 1373 non
462 1308 577 1373 eadem
598 1307 674 1373 inde
697 1309 855 1395 consequi
875 1320 1002 1375 ueteres
1023 1311 1236 1380 iureconsulti

93 1409 269 1489 noluemnt,
293 1433 331 1476 ac
352 1410 380 1475 si
401 1408 585 1476 substitutio
607 1409 717 1476 locum
737 1433 805 1477 non
825 1409 1002 1477 habuisset.
1044 1413 1165 1496 Quoad
1186 1414 1235 1481 le·

93 1523 157 1597 gata
174 1524 283 1579 autern
304 1511 455 1578 secundis
484 1510 601 1577 tabulis
629 1512 742 1579 relicta
769 1513 969 1579 conualescit
988 1514 1071 1581 ratio
1092 1515 1151 1581 illa
1169 1516 1236 1585 loci

92 1612 184 1679 citati:
205 1614 259 1681 hic
282 1615 369 1681 euim
389 1612 626 1681 substitutionis
654 1625 799 1702 potestas
822 1616 959 1681 minoris
986 1639 1060 1683 esse
1079 1618 1236 1685 momenti

91 1714 206 1802 incipit,
228 1738 328 1801 quam
342 1714 551 1781 institutionis
570 1714 630 1781 sub
643 1715 830 1782 conditione
847 1716 951 1783 iactae
963 1718 1245 1807 conscientia.⁸⁸)‘

90 1815 188 1901 Itaque
215 1816 300 1885 haec
326 1817 434 1903 legata
464 1816 585 1901 pariter
612 1828 778 1904 praestare
798 1814 919 1885 deb‘ere
940 1820 1134 1887 coheredem
1156 1823 1235 1889 sub-

92 1917 220 1985 stitutum
241 1918 419 1985 dicendum
441 1928 489 1985 est
495 1966 505 1997 ,
539 1942 576 1984 ae
605 1918 689 1985 siin
711 1919 857 1987 diuersas
880 1920 1027 1987 eiusdem
1046 1920 1235 1991 hereditatis

18 2020 19 2023 ’
91 2020 245 2104 portiones
279 2044 320 2089 ex
348 2032 440 2109 parte
468 2043 550 2107 pure
580 2042 622 2085 ex
648 2031 739 2106 parte
764 2022 825 2087 sub
855 2022 1043 2091 conditione
1072 2024 1236 2093 institutus

90 2134 172 2189 esset.

179 2226 412 2313 Proponamus
435 2225 549 2312 igitur,
578 2224 731 2291 secundis
754 2234 878 2292 tantum
907 2224 1047 2305 tabulis,
1075 2228 1129 2295 uel
1150 2241 1236 2297 certe

93 2328 283 2394 accherede
304 2327 417 2415 primis
438 2338 534 2411 atque
553 2325 705 2393 secundis
726 2326 845 2393 tabulis
866 2326 1011 2413 legatum
1032 2352 1123 2409 esse,
1149 2354 1236 2401 sem·

18 2424 19 2443 l
92 2452 141 2515 per
165 2430 247 2497 ratio
268 2428 436 2495 Falcidiae
462 2428 504 2495 ad
532 2439 635 2494 totum
662 2428 833 2495 referenda
858 2441 908 2495 est
926 2430 1171 2515 patrimonium,
1191 2435 1237 2501 ita

91 2548 120 2595 ut
137 2532 243 2619 legata
266 2530 377 2597 omnia
396 2530 467 2617 pari
486 2529 560 2597 loeo
583 2528 779 2595 habeanturr
807 2530 906 2615 idque
926 2531 1107 2601 luculenter
1127 2536 1237 2623 expri-

91 2632 175 2698 mitur
194 2635 236 2699 L.
260 2634 311 2701 41.
334 2633 366 2717 S.
388 2632 419 2699 6.
441 2632 482 2698 de
503 2630 594 2717 uulg.
618 2641 650 2697 et
670 2653 748 2718 pup.
774 2630 960 2717 (XXVIII,
982 2633 1048 2718 d.):
1174 2628 1177 2631 ⁴

18 2746 20 2771 ‘
159 2784 180 2815 „
193 2734 344 2803 Ceheres
372 2731 533 2821 impuberi
563 2732 632 2798 filio
666 2732 760 2797 datus
789 2733 959 2820 eidemque
977 2735 1167 2805 substitutus
1187 2739 1236 2807 le·

161 2848 238 2923 gata
259 2860 279 2903 e
300 2835 497 2903 secundis
522 2832 676 2900 tabulis
700 2832 813 2901 relicta
834 2835 971 2922 perinde
991 2838 1177 2924 praestabit,
1198 2864 1237 2909 ac

160 2940 188 3005 si
214 2962 298 3027 pure
323 2948 449 3027 partem
475 2947 508 3004 ot
534 2936 594 3025 sub
623 2934 812 3003 conditione
836 2947 962 3023 partem
990 2938 1123 3007 alteram
1143 2965 1238 3011 acoe-

159 3042 305 3127 pisset.“

184 3142 366 3231 Sequentia
383 3142 468 3230 legis
487 3140 583 3206 huius
604 3140 707 3207 uerba
728 3162 788 3207 sno
809 3138 884 3205 loco
905 3139 989 3207 infra
1014 3143 1237 3213 considerabi-

91 3270 171 3313 mus:
193 3248 305 3330 itaque
326 3244 432 3311 statim
460 3242 502 3311 ad
527 3242 749 3308 difficillimam
771 3242 979 3308 transibimus
1004 3244 1239 3328 quaestionem,

93 3347 357 3433 quemadmodum
385 3344 529 3412 ineunda
559 3346 600 3409 sit
631 3345 713 3411 ratio
732 3344 916 3421 Falcidiae,
938 3344 967 3409 si
985 3346 1099 3431 primis
1120 3348 1239 3415 tabulis

93 3449 127 3516 ab
154 3462 293 3535 utroque
323 3460 354 3515 et
382 3446 534 3515 secundis
563 3457 732 3533 praeterea
760 3445 903 3533 legatum
920 3446 1026 3513 luerit.
1068 3449 1177 3535 Quem
1198 3450 1241 3517 ad

93 3552 183 3619 linem
208 3551 296 3617 hunc
318 3538 514 3637 generaliter
535 3572 645 3619 casum
664 3548 905 3618 adhibebimus:

188 3658 341 3722 Testator
367 3651 521 3739 relinquit
551 3649 706 3729 0000,
746 3652 884 3717 instituit
913 3652 1035 3723 Titium
1064 3676 1102 3718 ac
1126 3652 1240 3732 filium,

18 3758 19 3761 ’
93 3769 256 3844 umrmque
277 3778 319 3823 ex
337 3755 490 3832 semisse,
518 3754 641 3819 Titium
661 3753 730 3819 filio
754 3752 936 3831 substituit,
968 3778 988 3819 a
1006 3754 1132 3841 pupillo
1154 3752 1243 3839 legat
1308 3763 1311 3769 “

96 3858 288 3937 CLXXX„
310 3880 331 3922 a
350 3856 439 3922 Titio
460 3856 501 3921 L.
513 3903 523 3935 ‚
547 3852 699 3919 secundis
721 3852 840 3921 tabulis
862 3854 952 3921 LX..

97 4072 290 4093 -ψ

18 4130 19 4205 l
129 4186 172 4253 ⁸³)
191 4191 284 4243 Liceat
300 4186 389 4247 uerbis
405 4185 560 4246 domesticis
576 4198 638 4245 seu·
689 4184 787 4243 hintes
804 4184 860 4242 aas
879 4184 932 4242 der
949 4184 1101 4259 lsdtnqten
1120 4184 1244 4247 Ertaia·

96 4284 203 4335 tantiam
237 4288 360 4345 nostram
394 4287 536 4345 repetere:
580 4279 640 4341 Der
690 4279 814 4350 selaune
832 4275 957 4333 auriac.

18 4412 20 4423 t
97 4372 226 4428 sesam
259 4376 312 4427 ser
346 4373 542 4427 sucessores
573 4368 642 4432 true
1049 4450 1092 4515 3·
