3067 5117
1198 462 1255 531 ist

193 616 265 682 Neo
286 636 368 682 uero
387 616 500 704 magni
521 615 607 681 iaoio
628 614 797 700 utriusque
819 614 903 703 legis
926 610 1162 693 auctoritatem,
1183 615 1253 701 pri-

89 737 198 795 mum,
227 715 317 801 quod
349 715 485 782 omnino
516 716 608 781 notio
628 716 686 781 illa
707 715 845 783 aetionis
870 717 1059 803 reciprocae
1079 728 1148 779 non
1170 714 1257 781 inest

2 803 3 810 ἵ
90 832 125 895 jn
152 816 294 883 uocibus
322 816 474 882 adhibitis
502 825 710 895 ,‚oontra“
738 827 770 881 et
791 816 866 895 „in
878 814 1051 893 uioem“‚
1067 816 1102 899 Ι]
1123 812 1255 893 deinde,

92 917 186 1003 quod
205 918 280 1004 ipsa
300 916 385 983 aotio
407 917 610 983 ooalessoris
631 917 749 983 eodem
767 913 867 983 modo
889 914 1118 983 contraria
1138 914 1257 981 dieitur

2 1083 3 1094 ,
88 1020 131 1083 L.
152 1019 186 1086 ll
206 1019 239 1104 S.
257 1020 288 1086 5.
308 1018 337 1082 si
357 1033 455 1096 seru,
473 1018 515 1083 L.
535 1019 584 1085 15.
605 1016 648 1083 de
668 1016 713 1083 Ο.
732 1017 775 1083 N.
795 1016 851 1095 Ν.,
873 1014 1032 1103 denique,
1053 1014 1142 1105 quod
1161 1025 1258 1104 prae·

2 1129 3 1200 j
91 1120 178 1185 sumi
205 1129 331 1207 potest,
358 1142 420 1185 neo
446 1120 640 1187 ersrvn
668 1140 730 1185 nee
758 1118 1017 1185 Tumorunttvrr
1047 1117 1088 1183 de
1112 1118 1255 1205 antiquis

2 1211 4 1294 ζ
89 1220 162 1287 istis
194 1220 357 1307 cogitasse
390 1219 474 1306 legis
501 1219 701 1297 actionibus,
736 1240 873 1305 quarum
899 1220 965 1286 iam
987 1217 1111 1285 dudum
1130 1220 1254 1287 formae

2 1321 3 1346 ³
92 1320 264 1387 obsoletae
284 1331 375 1387 erant
394 1330 427 1386 et
447 1320 622 1406 repositae.
637 1324 668 1402 ⁶)

198 1422 318 1509 Neque
350 1432 477 1498 tamen,
515 1422 605 1507 quod
643 1421 783 1487 fontium
818 1419 914 1487 certis
952 1440 1050 1508 egere
1086 1419 1257 1485 uideamur

93 1524 299 1611 praeceptis,
333 1520 375 1587 ab
407 1520 564 1607 opinione
597 1522 730 1588 laudata
760 1521 996 1589 discedendum
1033 1531 1092 1587 est.
1146 1522 1258 1604 Quum

94 1625 186 1690 enim
207 1623 325 1711 negari
343 1644 411 1687 non
433 1622 556 1708 possit,
595 1623 767 1689 seruitutes
801 1633 887 1689 certe
914 1620 1097 1709 praediales
1126 1622 1167 1689 ab
1199 1641 1258 1689 an·

2 1795 3 1798 ,
94 1724 281 1810 tiquissimo
302 1734 448 1810 tempore
471 1723 505 1787 in
526 1746 588 1789 usu
607 1724 708 1789 luisse
728 1760 767 1771 -
793 1742 869 1786 nam
899 1722 990 1788 nullo
1020 1722 1120 1789 modo
1142 1722 1259 1789 necin

95 1827 186 1894 aruis
216 1823 364 1892 colendis
395 1846 458 1890 neo
490 1824 525 1889 in
556 1824 713 1891 aediliciis
741 1823 948 1889 exstruendis
980 1846 1091 1891 earere
1121 1822 1162 1891 iis
1196 1846 1259 1911 po-

1 1947 3 1968 *
95 1938 231 1995 tnerunt
248 1948 471 2013 -quumque
493 1926 589 1991 simul
611 1923 855 1991 controuersias
875 1925 916 1990 de
937 1924 1062 1991 iuribus
1083 1925 1153 1991 istis
1174 1942 1260 1990 nnn-

2 2051 3 2092 3
96 2051 197 2114 quam
216 2049 287 2094 non
308 2028 470 2094 exstitisse
490 2027 737 2094 eoncedendum
758 2029 812 2109 sit,
836 2038 955 2114 sponte
979 2027 1154 2113 quaeritur,
1177 2044 1261 2113 quo-

96 2154 174 2195 nam
196 2128 297 2194 modo
317 2128 460 2195 Romani
488 2128 713 2213 antiquissima
744 2139 850 2195 aetate
882 2128 936 2195 uel
963 2130 1144 2196 dominium
1167 2148 1261 2197 suum

2 2279 4 2320 ,
97 2240 254 2316 exparte
274 2229 432 2296 uiolatum
454 2228 508 2293 uel
529 2229 580 2293 ius
599 2229 633 2293 in
655 2252 690 2294 re
711 2229 783 2294 tuiti
804 2229 934 2296 luerint.

204 2332 329 2409 Porro,
357 2331 386 2396 si
416 2331 606 2396 semitutum
633 2338 782 2396 naturam
804 2330 987 2397 accuratius
1010 2330 1190 2419 paullisper
1210 2330 1262 2396 in-

2 2519 3 2528 *
99 2433 317 2519 spexerimus,
340 2433 448 2499 statim
469 2430 674 2509 uidebimus,
696 2452 766 2497 non
785 2431 874 2497 omni
893 2440 1041 2519 tempore
1063 2443 1129 2497 tam
1150 2432 1262 2499 exsul-

2 2533 3 2536 ’
99 2546 166 2599 tam
190 2544 222 2598 et
243 2532 439 2619 perpolitam
460 2533 501 2599 de
521 2532 562 2597 iis
587 2531 768 2597 doctrinam
788 2532 908 2611 fuisse,
930 2532 1060 2619 qualem
1080 2532 1179 2597 hodie
1202 2532 1261 2598 ad-

2 2675 4 2718 3
99 2636 265 2699 miramur.
313 2634 418 2699 Immo
447 2632 596 2720 primitus
625 2633 737 2719 utique
764 2633 986 2720 praeualuisse
1017 2632 1162 2699 dicemus
1191 2651 1263 2699 eam

2 2735 4 2794 ἱ
101 2735 346 2813 definitionem,
374 2755 459 2820 quae
484 2734 608 2820 passim
634 2745 758 2801 exstat:
776 2734 818 2801 L.
844 2736 874 2802 5.
902 2735 934 2818 S.
962 2735 992 2801 9.
1028 2732 1069 2800 de
1098 2733 1142 2800 Ο.
1162 2734 1204 2801 Ν.
1220 2732 1264 2800 Ν.

102 2836 335 2920 (XXXVIIII,
355 2836 417 2921 1.):

186 2938 453 3026 „Imposititiam,·
482 2960 580 3023 quum
606 2936 679 3023 quis
709 2949 926 3025 posteaquam
952 2936 1019 3003 ius
1048 2946 1161 3003 suum
1192 2936 1266 3003 de-

186 3037 360 3118 minuit,
382 3039 560 3106 alterius
582 3038 715 3117 auxit,
746 3039 811 3105 hoo
834 3046 902 3117 est,
930 3049 1103 3125 postquam
1127 3038 1266 3104 seruitu-

188 3130 254 3208 tem
275 3140 411 3207 aedibus
432 3140 500 3205 suis
521 3140 695 3225 imposuit,
716 3152 830 3208 eonua
851 3142 1040 3207 seruitutem
1061 3140 1172 3219 ieoit,“

167 3448 194 3512 ὅ)
227 3448 285 3499 Nec
311 3446 396 3509 magis
424 3451 499 3497 reste
515 3445 580 3496 hino
596 3458 661 3496 oon·
712 3444 1045 3511 anarrs§.170.n.l..
1076 3442 1190 3499 Rectum
1209 3448 1269 3497 tas·

105 3542 215 3603 iioitur,
242 3539 378 3590 sotionem
407 3536 576 3600 nugatoriam
599 3553 663 3588 no·
714 3544 759 3589 tur
778 3539 900 3593 Senatvs
919 3557 946 3606 p.
965 3538 1034 3591 388..

108 3648 187 3685 men
227 3630 355 3682 habuisse
405 3631 665 3693 „eontrariue.“
776 3629 801 3695 θ)
831 3631 949 3685 Omnino
979 3638 1080 3694 ntem,
1106 3644 1191 3695 quum
1212 3628 1271 3678 fieri

110 3727 170 3777 Sed
190 3730 238 3773 aut
264 3722 453 3785 negatoria
477 3729 526 3773 sut
557 3736 667 3785 noga·
716 3724 819 3789 possit,
848 3725 923 3789 quod
947 3724 1018 3775 intra
1046 3722 1213 3785 uidebimur,
1241 3726 1272 3769 nt

108 3819 183 3868 tina
200 3806 387 3880 appellabatur
406 3815 438 3865 L.
457 3813 481 3863 5.
498 3829 538 3879 pr.
558 3813 582 3863 si
601 3814 668 3864 usfr.
720 3817 753 3864 de
773 3816 904 3865 seruitute
923 3814 1065 3877 negatoria
1079 3818 1183 3876 agutur,
1201 3812 1272 3863 male

2 3947 3 3954 ,
110 3908 431 3975 pes‚§.2.1.deaos.
506 3906 667 3969 „contra-
717 3904 908 3971 illiegernnt,
938 3908 1019 3957 etiam
1056 3904 1273 3955 uindicatio·

111 4000 210 4051 riae“
234 4012 335 4049 nomen
359 4013 416 4048 non
441 4004 496 4061 est,
529 4013 610 4063 quem
629 4000 668 4049 dl·
719 3998 775 4049 nis
793 3998 884 4049 locum
902 3999 1024 4049 obtinere
1037 4011 1121 4061 posse
1139 3996 1274 4047 actionem

114 4098 182 4143 eunt
198 4092 328 4141 terminus
351 4089 506 4153 technious,
534 4093 582 4140 sed
611 4098 668 4141 tum
718 4088 889 4151 negatorum
901 4088 1145 4153 praetornidentes.
1165 4088 1203 4139 Et
1220 4086 1274 4137 hoe

116 4185 227 4233 demum
253 4188 347 4247 potest
364 4181 525 4245 nannenire,
543 4183 566 4232 si
585 4198 672 4248 oppo·
719 4182 773 4232 iam
802 4187 883 4231 antea
911 4183 1111 4245 propemodum
1137 4178 1279 4247 perspexit

115 4281 200 4325 natur
216 4274 412 4325 consensoriae.
447 4275 594 4337 Perperom
621 4272 672 4323 ita·
723 4271 937 4324 Scnuonnnnvs
954 4273 978 4337 ξ.
996 4274 1033 4338 4.,
1057 4273 1079 4337 5.
1099 4271 1123 4323 9.
1141 4273 1158 4321 i.
1178 4272 1212 4333 ιζ,
1231 4270 1277 4337 qni

117 4380 172 4432 qne
197 4372 349 4416 statuerunt
364 4369 541 4419 Bntssoutvs
557 4364 586 4415 in
605 4366 673 4415 Lex.
722 4370 815 4415 tamen
834 4369 862 4414 et
877 4364 936 4427 ipse
953 4367 988 4415 ad
1001 4370 1101 4415 recum
1114 4361 1277 4414 sententiam

116 4460 155 4509 ad
172 4473 272 4510 nocem
289 4456 549 4523 „nessutorius“
569 4463 598 4507 et
615 4456 673 4508 Au·
723 4470 781 4506 non
799 4456 933 4519 peruenit„
1039 4522 1078 4579 μ
