3067 5117
275 373 335 442 188

274 535 358 591 tate
385 523 435 590 do
448 523 568 592 minii
596 523 768 612 probanda
799 523 944 609 cogitare
964 543 1032 589 non
1054 521 1202 610 potuisse
1222 543 1421 607 consequens

275 636 333 690 est.

378 727 446 794 Sed
474 749 516 792 ne
547 749 629 815 opus
654 725 787 812 quidem
814 736 881 801 est,
911 736 945 789 ut
965 723 1114 790 ultimum
1137 726 1201 791 hoc
1222 725 1350 792 alienae
1371 750 1425 791 au-

274 825 429 893 ctoritatis
453 828 609 894 auxilium
630 827 852 914 requiramus,
879 848 955 890 narn
977 850 1018 892 ex
1039 827 1120 914 ipsis
1139 826 1197 903 iis,
1228 849 1312 914 quae
1334 850 1424 913 pree-

272 939 361 993 terea
384 937 416 992 et
432 927 474 991 L.
495 930 525 996 5.
540 952 589 1016 pr.
613 930 641 994 si
660 930 738 993 nslr.
761 938 794 994 et
813 929 1020 993 Turonum
1041 927 1232 1014 paraphrasi
1254 928 1427 1014 etreliqua

273 1029 456 1097 Srsrunru
486 1029 706 1115 disputatione
729 1029 903 1107 docemur,
925 1029 1118 1094 sententiam
1145 1039 1289 1094 nostram
1311 1029 1427 1094 affatim

273 1151 445 1216 possumus
467 1129 617 1218 probare.

379 1231 530 1320 Namque
561 1255 659 1317 quum
684 1233 875 1320 primarium
896 1232 1063 1318 quoddam
1083 1230 1124 1295 de
1144 1230 1340 1317 probatione
1362 1234 1427 1299 Ro·

271 1332 376 1398 manis
396 1333 496 1400 luisse
517 1346 726 1422 praeceptum
743 1336 948 1422 exploratum
968 1333 1157 1408 habeamus,
1181 1333 1270 1418 quod
1283 1335 1427 1420 quisquis

275 1431 325 1498 de
348 1457 420 1500 suo
442 1434 531 1501 iure
553 1435 701 1500 confiteri
721 1459 829 1521 neque
850 1459 929 1502 uero
959 1459 1001 1501 ex
1027 1434 1192 1500 debilitate
1213 1434 1293 1498 iuris
1312 1435 1425 1500 aduer-

273 1534 349 1600 sarii
361 1535 530 1602 uictoriam
543 1537 606 1602 sibi
615 1560 730 1624 parare
752 1537 883 1604 debeat:
904 1537 931 1600 si
952 1537 1072 1602 actioni
1087 1535 1323 1622 prohibitoriae
1335 1560 1427 1623 prae-

272 1647 400 1722 ceptum
422 1637 486 1704 hoe
516 1637 762 1703 accommodare
785 1637 943 1714 uelimus,
973 1638 1081 1703 statim
1109 1636 1311 1715 uidebimus,
1345 1637 1426 1702 iden

272 1737 348 1803 inde
367 1738 543 1815 resultare,
567 1738 659 1824 quod
680 1737 863 1806 scaenam
883 1738 1129 1804 confirmatione
1150 1736 1317 1802 cumulum
1339 1739 1427 1824 quasi

270 1838 395 1926 recipit.

378 1939 433 2005 Ius
455 1941 588 2027 aliquod
608 1942 805 2029 prohibendi
827 1941 862 2008 in
885 1941 1030 2006 dominio
1053 1941 1215 2007 consitum
1236 1962 1330 2019 esse,
1351 1965 1426 2007 con-

272 2051 463 2107 sentaneum
490 2054 555 2122 est,
587 2067 662 2109 nam
691 2044 719 2110 si
748 2044 821 2131 quis
851 2042 976 2108 nullum
1001 2041 1041 2107 ab
1065 2065 1129 2106 osu
1148 2042 1196 2108 rei
1217 2065 1297 2108 snae
1318 2042 1426 2128 prohi-

270 2142 348 2208 bere
376 2143 499 2228 possit,
528 2143 556 2208 is
586 2142 738 2210 dominus
767 2145 881 2212 haberi
901 2145 998 2209 etiam
1021 2166 1089 2208 non
1111 2144 1225 2229 possit.
1273 2147 1351 2211 Hoc
1372 2168 1425 2209 au-

272 2254 337 2310 tem
356 2243 419 2322 ius,
439 2267 518 2310 num
538 2255 651 2310 contra
671 2244 759 2312 hunc
781 2246 835 2313 uel
858 2245 950 2310 illum
970 2244 1104 2310 domino
1128 2256 1304 2332 competat,
1328 2269 1423 2332 quae-

273 2345 335 2408 stio
362 2355 411 2410 est
439 2345 533 2423 lacti,
562 2357 648 2413 certe
677 2370 779 2425 uero,
808 2347 837 2413 si
867 2358 981 2414 contra
999 2346 1140 2434 aliquem
1163 2369 1230 2413 non
1253 2357 1423 2433 competat,
1515 2426 1516 2431 ἵ

272 2445 390 2511 iccirco
420 2447 588 2513 dominnm
616 2447 786 2514 dominum
812 2471 885 2515 esse
908 2448 1057 2525 desiisse,
1083 2448 1190 2513 dicore
1217 2470 1286 2513 non
1308 2449 1423 2514 licebit.
1515 2440 1516 2509 l

273 2543 324 2612 Ol.
346 2547 377 2631 S.
398 2549 460 2616 27..
500 2550 608 2616 Porro
630 2561 755 2628 autem,
780 2551 807 2616 si
828 2550 900 2638 quis
920 2548 1088 2636 prohiberi
1112 2572 1179 2613 non
1199 2550 1307 2636 possit
1330 2550 1422 2616 ado-

268 2647 376 2725 mino,
398 2647 426 2714 is
449 2650 499 2716 ins
517 2650 649 2737 aliquod
668 2652 800 2730 haheat,
829 2673 963 2717 necesse
985 2661 1048 2727 est,
1075 2650 1165 2736 quod
1185 2663 1301 2716 contra
1322 2652 1422 2717 domi-

269 2773 347 2816 num
371 2753 476 2838 possit
496 2753 651 2818 exerceri.
700 2751 868 2818 Habemus
897 2753 1005 2836 itaque
1024 2751 1089 2816 duo
1109 2751 1182 2818 iura
1202 2753 1287 2816 inter
1309 2775 1344 2818 se
1366 2775 1422 2838 op·
1514 2764 1515 2841 3

268 2851 391 2936 posita,
430 2876 471 2918 ex
506 2852 606 2918 altera
640 2865 731 2941 parte
768 2852 964 2930 dominium,
1011 2877 1052 2919 ex
1093 2853 1194 2919 altera
1226 2854 1421 2920 seruitutem.

269 2951 419 3036 Quorum
435 2954 520 3018 inter
541 2977 575 3020 se
593 2953 707 3021 relatio
727 2954 809 3021 haec
827 2965 893 3031 est,
922 2953 1011 3038 quod
1033 2953 1090 3019 ubi
1111 2954 1247 3019 alterum
1267 2955 1421 3038 (seruitus

270 3054 409 3139 scilicet)
431 3054 562 3133 desinit,
587 3056 723 3122 alterum
746 3055 939 3137 (dominium
960 3055 1050 3140 dico)
1062 3056 1161 3142 pleno
1175 3079 1287 3122 rursus
1305 3056 1421 3122 ambitu
1513 3102 1514 3143 ,

269 3154 392 3243 incipit.
433 3157 502 3222 lam
525 3157 553 3220 si
577 3157 728 3222 dominus
753 3156 807 3222 uel
829 3167 943 3222 contra
960 3179 1053 3233 eum,
1082 3155 1135 3219 cui
1155 3156 1346 3224 seruitutem
1366 3157 1419 3220 de·

265 3257 337 3336 bet,
362 3257 415 3322 uel
443 3268 556 3322 contra
583 3258 682 3325 aliurn
704 3258 852 3345 quemuis
874 3257 1088 3344 prohibitoria
1119 3258 1318 3344 experiatur,
1341 3281 1418 3344 opus

266 3379 333 3421 non
355 3357 502 3436 habebit,
532 3373 566 3424 ut
592 3361 667 3447 plus
696 3384 793 3447 quam
813 3360 994 3426 dominium
1015 3384 1110 3426 suum
1131 3359 1165 3424 in
1186 3383 1309 3445 genere
1331 3381 1417 3425 com·
1512 3396 1513 3433 3

265 3456 397 3542 probet:
430 3459 622 3548 simulatque
650 3463 736 3528 onim
764 3461 897 3548 longius
927 3460 1141 3548 processerit,
1181 3471 1213 3527 et
1240 3459 1417 3526 libertatem
1512 3476 1513 3495 t

267 3559 403 3624 dominii
431 3561 572 3648 probare
606 3563 826 3641 inchoauerit,
856 3561 948 3628 aliter
976 3561 1040 3627 hoc
1066 3563 1172 3628 lacere
1199 3584 1269 3626 non
1290 3560 1416 3647 poterit,

264 3683 361 3746 quam
382 3661 436 3739 ita,
459 3675 495 3728 ut
517 3663 558 3731 de
574 3666 721 3731 absentia
735 3663 834 3730 alieni
854 3664 945 3742 iuris,
967 3664 1056 3748 quod
1075 3662 1317 3729 circumscribat
1327 3684 1416 3726 suum

264 3761 445 3828 dominium
460 3765 607 3832 edoceat.
627 3765 787 3832 Absentia
805 3775 912 3829 autern
927 3763 1025 3829 alieni
1039 3764 1129 3843 iuris,
1145 3786 1212 3828 non
1222 3763 1415 3838 estiuseins,
1446 3815 1451 3820 .

263 3863 318 3948 qui
335 3865 413 3951 agit,
436 3865 493 3932 sed
510 3866 656 3932 consistit
674 3867 707 3931 in
723 3865 889 3932 debilitate
899 3864 977 3928 iuris
988 3865 1069 3943 eins,
1092 3866 1148 3952 qui
1162 3887 1236 3930 reus
1251 3877 1310 3943 est,
1332 3863 1414 3930 unde
1436 3935 1446 3951 .

261 3963 487 4049 probationem
523 3967 656 4052 suscipi,
685 3967 766 4054 ipsi,
792 3990 874 4052 quos
903 3967 1065 4032 attulimus
1097 3966 1180 4044 loci,
1213 3979 1319 4034 ratum
1350 3988 1413 4031 non

260 4064 390 4130 habent.
430 4069 522 4154 Ergo
545 4092 644 4155 quum
665 4067 797 4134 libertas
819 4069 884 4148 rei,
907 4082 1080 4155 postquam
1099 4067 1237 4154 probata
1257 4080 1316 4145 est,
1337 4090 1412 4132 oon·

260 4165 338 4230 ditio
362 4167 493 4252 quidem
513 4169 626 4236 haberi
648 4169 776 4245 debeat,
798 4180 833 4235 ut
855 4170 900 4236 ita
919 4170 1035 4246 dicam,
1057 4167 1262 4256 positiua,
1284 4166 1411 4254 probari

261 4279 367 4334 autem
391 4281 542 4354 nequeat,
571 4273 635 4336 nisi
664 4295 704 4338 ex
725 4271 872 4338 absentia
889 4271 1220 4358 circumscriptionis,
1242 4269 1409 4336 dicendum
