3067 5117
296 388 340 462 82

297 554 409 613 scente
439 566 512 611 esse
543 543 782 631 amplificando.
838 548 884 615 At
916 570 995 615 uero
1022 546 1050 615 si
1069 544 1232 615 testatoris
1253 543 1447 612 uoluntatem

297 644 498 732 respexeris,
517 646 788 713 uerisimillimum
807 649 940 734 quidem
962 660 1028 729 est,
1051 672 1144 728 eum,
1168 648 1196 715 si
1216 648 1376 713 minorem
1393 647 1447 711 he-

296 747 442 814 reditatis
477 759 602 834 partem
634 747 704 813 filio
735 748 862 815 dederit
895 751 945 835 [et
974 772 1035 837 per
1069 774 1143 818 eum
1180 748 1386 833 substituto),
1419 761 1448 814 et

296 851 425 917 minore
441 850 543 915 luisse
563 849 673 936 legata
692 849 930 935 impositurum,
949 852 1113 938 praesumi
1130 861 1236 917 eutem
1248 872 1315 915 non
1336 860 1448 937 potest,

297 951 372 1039 plns
393 974 469 1019 eum
489 950 558 1016 ullo
581 972 660 1015 essu
676 950 843 1035 legatariis
865 949 1011 1019 uoluisse
1030 951 1228 1028 concedere,
1259 952 1349 1036 quod
1371 951 1448 1016 siin

297 1054 406 1119 animo
433 1051 621 1129 habuisset,
650 1050 803 1119 facillime
833 1052 873 1119 ab
895 1052 960 1119 ulio
990 1074 1121 1139 quoque
1142 1048 1264 1119 herede
1282 1052 1393 1139 legare
1413 1051 1449 1117 iis

295 1155 467 1242 potuisset.

400 1273 512 1340 Altera
529 1284 579 1340 est
596 1272 780 1351 difficultas,
801 1274 890 1360 quod
911 1296 994 1359 quae
1012 1274 1053 1340 ad
1071 1274 1251 1340 institutum
1261 1272 1449 1359 pertineant,

299 1398 366 1440 non
381 1374 498 1441 eodem
515 1375 615 1440 modo
632 1374 797 1440 redhiberi
818 1398 918 1462 posse
935 1375 977 1440 ad
991 1375 1198 1443 substitutum
1220 1375 1292 1460 quis
1313 1373 1449 1439 obiiciat.

297 1476 366 1544 Sed
397 1476 426 1542 si
446 1476 682 1554 concedemus,
717 1476 807 1562 quod
845 1476 975 1541 infitiari
1008 1499 1076 1543 non
1109 1500 1307 1564 possumus,
1346 1476 1380 1541 in
1411 1498 1446 1541 eo

298 1576 390 1663 ipso,
412 1575 502 1662 quod
522 1576 729 1642 substitutum
748 1587 883 1643 testator
903 1576 944 1643 ad
961 1577 1172 1645 hereditatem
1191 1578 1341 1655 uocauit,
1372 1576 1448 1642 dile-

296 1678 438 1743 ctionem
463 1677 552 1756 eius,
578 1701 647 1743 nou
675 1679 918 1756 onerationem,
947 1679 1129 1745 luculenter
1158 1702 1230 1745 esse
1251 1680 1449 1744 demonstra·

295 1792 383 1857 tam,
413 1780 486 1866 quis
507 1779 698 1857 contendat,
729 1802 798 1845 non
821 1780 959 1847 eandem
978 1781 1013 1845 in
1038 1778 1155 1867 legatis
1177 1780 1403 1865 relinquendis
1423 1778 1450 1844 ei

298 1882 592 1947 demonstraturum
611 1880 712 1946 fuisse
730 1890 917 1947 testatorem
939 1879 1160 1961 elementiam,
1188 1882 1272 1947 siin
1293 1880 1448 1947 minorem

298 2006 372 2049 eum
393 1983 579 2069 portionem
600 1980 833 2059 substituisset,
856 1992 952 2067 atque
972 1982 1140 2049 instituto?
1191 1981 1298 2048 Certis
1324 1981 1447 2069 legibus

295 2085 337 2149 L.
358 2085 409 2151 35.
430 2082 473 2148 de
492 2081 583 2168 uulg.
608 2091 640 2147 et
659 2104 739 2168 pup.
760 2095 791 2147 et
813 2084 855 2147 L.
877 2084 946 2151 103.
976 2086 1007 2167 §.
1029 2084 1086 2151 ult.
1110 2082 1151 2149 de
1173 2084 1262 2171 legg.
1282 2084 1343 2149 lll.
1374 2082 1448 2148 haee

296 2184 502 2261 confirmari,
534 2182 624 2268 quod
653 2182 1307 2271 111111111611111101111Α.11265.
1331 2185 1449 2261 nescio,
1521 2252 1522 2255 ,

296 2308 375 2349 num
401 2294 489 2349 recte
514 2282 579 2348 diei
609 2284 731 2369 possit,
762 2307 861 2370 quum
890 2284 1007 2350 dubius
1036 2285 1078 2351 sit
1106 2308 1220 2351 eorum
1247 2298 1353 2353 tenor.
1400 2284 1449 2350 De
1521 2344 1522 2351 ,

296 2384 386 2450 omni
406 2406 442 2450 re
465 2383 506 2449 cl.
528 2384 625 2450 etium
644 2386 858 2451 Hvscnlssvs
880 2384 957 2451 Vol.
979 2386 1054 2453 VII.
1075 2408 1108 2472 p.
1128 2386 1178 2453 61.
1198 2387 1260 2454 63..

400 2504 457 2587 Π.)
480 2503 635 2589 Sequitur
655 2503 838 2589 disquisitio
862 2503 902 2569 de
923 2501 1040 2591 legatis
1062 2528 1081 2571 1
1108 2506 1234 2593 pupillo
1256 2516 1381 2572 tantum
1399 2530 1447 2572 re·
1521 2506 1522 2510 ’

294 2606 397 2684 lictis,
426 2628 509 2690 quae
537 2616 671 2692 propter
697 2605 808 2691 legum
837 2605 901 2671 huo
927 2606 1158 2692 pertinentium
1181 2617 1213 2672 et
1233 2606 1448 2693 (difficultatem

296 2719 328 2774 et
348 2707 528 2794 oppositas,
549 2715 585 2770 ut
607 2704 744 2784 uidetur,
767 2705 852 2773 inter
872 2728 907 2772 se
929 2706 1104 2773 sententias
1124 2706 1177 2774 uel
1200 2709 1359 2777 maximas
1381 2734 1447 2777 mo·

295 2810 343 2875 uit
362 2809 573 2893 interpretum
592 2809 842 2873 controuersias.

399 2908 480 2974 Tria
499 2918 591 2986 sunt,
613 2929 696 2993 quae
716 2909 846 2995 possint
866 2921 936 2976 rata
956 2910 1087 2978 haberi:

401 3030 451 3104 1⁰,
472 3025 752 3095 Substitutum
777 3040 1000 3114 praestare
1021 3029 1166 3117 legata
1189 3034 1355 3102 nomine
1377 3058 1445 3123 pu-

294 3131 409 3220 pilli,
430 3130 585 3227 ¹itaque
614 3151 685 3193 nec
713 3129 810 3215 plus
832 3154 907 3197 nec
927 3132 1060 3197 minus
1090 3133 1131 3198 ei
1159 3157 1253 3201 esse
1275 3136 1445 3202 soluen-

295 3235 408 3309 dum,
431 3254 545 3316 quarn
565 3230 751 3317 pupillus
783 3230 997 3311 debuerit,
1026 3234 1113 3301 unde
1143 3247 1310 3321 sequntur,
1344 3239 1447 3325 legata

295 3331 457 3400 extraneis
477 3330 590 3428 relicte
612 3331 723 3417 utique
753 3332 795 3397 ad
817 3331 942 3397 irritum
962 3334 1118 3400 recidere.

399 3452 450 3527 2⁰,
472 3448 751 3516 Substitutum
779 3451 932 3537 legatis
961 3453 1166 3539 spupillo
1191 3454 1363 3521 relictis
1384 3455 1446 3521 uel

295 3548 485 3615 omnibus
507 3549 652 3615 teneri.

397 3671 450 3746 3⁰,
469 3666 833 3755 Distinguendum
861 3694 970 3749 esse,
992 3680 1127 3737 utrum
1151 3674 1249 3761 plus
1272 3698 1444 3763 accepe-

291 3770 347 3835 rit
380 3769 660 3848 substitutus,
692 3793 812 3857 quam
841 3773 881 3837 in
914 3773 1021 3858 quod
1046 3775 1350 3861 principaliter
1372 3800 1444 3863 pn-

291 3869 423 3957 pillus
454 3870 593 3937 iuerat
624 3869 874 3951 institutus,
910 3898 960 3939 an
979 3875 1296 3943 minushubent.
1336 3874 1444 3943 lllud

292 3972 330 4035 si
350 3971 537 4049 eueniat,
570 3970 806 4039 substituto
840 3996 933 4041 esse
960 3975 1111 4062 legata
1130 4000 1150 4041 a
1170 3978 1348 4064 pupillis
1371 4000 1442 4043 ex·

291 4071 449 4137 traneis
480 4071 635 4139 relicta
664 4096 742 4159 pro
774 4074 1017 4163 principali
1050 4077 1204 4163 pupilli
1244 4077 1442 4163 portione

289 4172 561 4258 praestanda,
582 4173 659 4239 hoc
680 4175 713 4239 si
733 4175 917 4256 occidat,
945 4176 997 4243 ud
1017 4176 1181 4243 irritum
1202 4201 1250 4244 ea
1270 4198 1441 4263 prorsus
1519 4240 1520 4267 3

288 4273 491 4339 recidere.
