3067 5117
1207 462 1262 531 161

200 629 291 702 νεῖν,
327 619 368 689 od
398 624 465 711 γὰρ
492 618 529 689 ἔκ
561 622 630 690 τῶν
656 620 751 711 αὐτῷ
784 623 1003 711 προσόντων,
1032 618 1103 687 ἀλλ’
1128 622 1164 689 ἐκ
1190 620 1258 688 τῶν

198 720 344 811 σαθρῶν
386 722 450 791 τοῦ
499 722 675 792 ἀντιδίκου
723 722 885 811 πειρᾶται
918 720 1030 810 ἑαυτῷ
1062 725 1122 809 τὴν
1161 728 1256 809 νίκην

199 831 421 915 περιποιεῖν·
448 827 538 907 λέγει
561 829 627 915 γὰρ
653 829 692 893 τὸ
719 829 767 894 uti
790 826 853 891 frui
873 825 971 891 τόνδε
996 825 1041 909 μὴ
1067 821 1231 919 drittun)

94 939 245 1005 Attamen
267 940 300 1004 in
321 941 449 1006 actione
470 941 642 1025 negatoria
663 943 755 1008 aliter
777 960 830 1003 res
853 962 887 1005 sc
908 938 1022 1015 habet,
1047 938 1141 1023 quod
1159 961 1254 1024 egre-

96 1040 149 1124 gie
172 1040 371 1107 demonstrat
391 1042 573 1108 Vrsinus
598 1041 619 1104 l.
640 1065 689 1106 e:

176 1143 407 1227 „Quamquam
439 1140 526 1206 enim
557 1143 640 1205 actio
675 1142 829 1227 negatiua
857 1139 989 1205 domino
1015 1152 1178 1225 competat
1194 1142 1253 1206 ad-

175 1265 288 1308 uersus
309 1242 536 1315 fructuarium,
568 1242 673 1327 magis
707 1253 815 1306 tamen
844 1240 885 1305 dc
921 1264 992 1306 suo
1031 1242 1122 1307 iure
1155 1265 1251 1328 agero

160 1333 305 1407 'uidetur
326 1366 424 1428 quam
445 1342 571 1419 alieno,
597 1365 696 1426 quum
732 1342 871 1407 inuito
909 1366 950 1409 sc
983 1353 1081 1428 negat
1108 1342 1251 1407 insesso

171 1444 285 1509 utendi
304 1443 514 1509 fructuari0.“

91 1548 132 1610 Et
160 1545 243 1622 hoe,
281 1546 371 1631 quod
404 1546 444 1611 dc
476 1546 642 1611 usufructu
677 1547 842 1633 proditum
876 1556 941 1621 cst,
985 1546 1181 1631 generaliter
1210 1544 1252 1610 ad

92 1670 223 1711 omnem
255 1646 416 1711 actionem
454 1647 655 1732 negatoriam
686 1648 866 1732 pertinere,
905 1657 1160 1711 consentaneum
1191 1656 1249 1709 est.

92 1748 207 1832 Itaque
228 1747 367 1811 fidenter
387 1758 504 1823 statuo,
538 1748 698 1833 ubique
731 1747 765 1811 in
800 1746 861 1812 hac
897 1746 1024 1811 actione
1056 1770 1138 1831 opus
1177 1766 1249 1810 esse

90 1848 200 1913 uerbis
223 1846 392 1924 „inuito
414 1856 523 1923 me,“
548 1848 669 1934 quippe
692 1873 775 1934 quae
799 1848 848 1912 ius
872 1847 997 1933 agentis
1020 1847 1175 1922 indicent,
1197 1845 1248 1909 id·

91 1973 152 2035 que
173 1950 283 2035 ipsum
305 1970 344 2013 eo
366 1947 538 2033 probatur,
572 1950 660 2033 quod
688 1949 722 2013 in
744 1948 886 2014 fontibus
910 1948 1029 2013 nostris
1052 1961 1083 2012 et
1105 1948 1248 2033 plerum-

90 2073 152 2134 que
175 2049 285 2113 addita
306 2059 380 2112 sunt
401 2048 463 2112 ista
483 2048 599 2125 uerba,
622 2049 679 2114 ubi
701 2051 742 2113 de
765 2050 1062 2135 negatoriasermo
1085 2048 1248 2125 irretita,

89 2165 121 2215 nt
137 2151 286 2227 interior,
309 2172 366 2214 cur
378 2148 478 2213 modo
493 2148 599 2213 desint
616 2150 714 2215 modo
729 2151 846 2227 adsint,
867 2151 948 2215 ratio
971 2149 1061 2214 nulla
1083 2162 1247 2235 appareat,

90 2251 301 2339 quamobrem
321 2251 415 2316 facilc
439 2250 692 2317 condonandum
723 2253 851 2330 estiis,
891 2252 966 2337 qui,
999 2274 1098 2336 quum
1130 2252 1248 2317 breues

91 2378 163 2419 esse
186 2352 325 2428 uellent,
346 2353 521 2417 uerborum
543 2374 602 2436 per
623 2376 658 2417 se
679 2354 939 2419 necessariorum
960 2352 1159 2417 mentionem
1180 2376 1247 2417 non

89 2456 235 2521 iecerint.

194 2556 312 2619 Finem
332 2555 441 2641 itaque
462 2555 616 2620 faciamus
636 2554 712 2619 huic
735 2556 776 2620 de
803 2555 949 2621 formulis
972 2556 1247 2634 commentationi,

88 2658 234 2723 breuiori
266 2666 444 2742 conspectu
475 2679 586 2720 rursus
619 2656 678 2733 iis,
715 2680 798 2741 qnae
832 2656 1008 2723 obueniant
1038 2658 1248 2723 formularum

88 2757 330 2825 discriminibus
352 2756 528 2822 exhibitis:

198 2897 245 2969 1⁰,
267 2891 560 2958 Confessoria:

170 2999 267 3078 a.)s1
290 3042 298 3058 .
319 3013 435 3057 Paunr
467 3040 476 3056 .
505 3012 563 3057 ivs
585 3014 696 3060 .1essn
721 3042 729 3057 .
756 3005 797 3059 nt
824 3040 831 3056 .
854 2998 907 3057 u0.
930 3010 1063 3056 vruuor
1085 3040 1093 3055 .
1112 3012 1247 3061 narnu-

241 3117 279 3160 m
302 3144 310 3158 .
334 3099 645 3175 (nvnn1.aonu1›1
674 3100 753 3177 .1u)
780 3112 932 3158 .nvun0
956 3140 964 3155 .
988 3110 1214 3159 coaunrirano
1238 3146 1245 3159 .

239 3216 379 3261 rrouvm
409 3245 417 3260 .
445 3213 833 3260 murmurmurmur.
861 3214 1006 3259 rumssa
1037 3242 1045 3259 .
1077 3216 1246 3261 rasuras.

238 3318 275 3362 ru
298 3344 306 3360 .
330 3317 442 3363 anons
464 3344 472 3360 .
496 3316 774 3362 sammonicum.
801 3308 861 3362 etc.

90 3540 290 3549 .——-.-⁴.-.-

123 3714 172 3779 ct)
206 3712 365 3777 Respicinnt
387 3711 455 3758 haec
481 3710 644 3759 Tuncrurnr
694 3711 877 3774 Epsncgoges
898 3719 925 3761 ct
952 3713 1248 3766 inn.xxvl1.c.tt.

86 3810 171 3857 uerba
194 3809 229 3854 od
246 3792 273 3855 id
286 3803 362 3869 quod
381 3800 505 3863 superins
525 3801 644 3850 dixerat:
693 3802 815 3851 Prochiri
851 3805 892 3853 ed.
915 3804 1088 3854 Zrcntsrrn
1116 3808 1249 3869 (Heidelb.

697 3892 791 3955 tcta).

747 3988 788 4035 De
812 3986 859 4047 iis,
885 4001 954 4049 quae
979 3987 1141 4039 continuant
1159 3991 1250 4042 locum

469 4134 477 4159 ⁹
694 4076 804 4125 citatum
827 4077 897 4126 infru
922 4082 963 4125 est
988 4080 1124 4138 agendum
1147 4079 1171 4146 ξ
1201 4081 1249 4134 13..

149 4139 414 4224 1⁰3²'7‘90‘56Wffl‘'
436 4140 541 4220 “viii“
565 4149 618 4196 M·
692 4168 860 4217 Sententiam
898 4168 972 4231 quod
1011 4171 1169 4231 praeferunt
1200 4176 1247 4223 ob·

86 4280 156 4329 qnae
189 4266 249 4327 ipss
280 4266 365 4315 uerba
392 4264 560 4312 nerbotenus
593 4264 640 4310 de·
690 4260 838 4309 senriorem
859 4259 913 4309 hoe
936 4259 1000 4307 loco
1020 4262 1123 4309 nullum
1152 4277 1249 4313 eorum

85 4359 187 4421 scriptu
224 4363 288 4408 cunt
318 4356 348 4405 in
377 4356 408 4404 L.
435 4354 499 4404 XII.
540 4369 562 4402 c.
596 4352 638 4404 24.
690 4357 844 4414 respectum
863 4350 953 4399 habui.

151 3939 300 4016 ,ἕκαστος
321 3931 439 4016 ἔντ’γων
462 3928 577 4011 ὀφείλει
595 3960 644 3997 πε-

148 4048 281 4118 ριποιεῖν
297 4039 397 4119 ἑαυτῷ
418 4032 474 4114 τήν
498 4043 588 4113 νίκην
611 4038 642 4098 ἔκ

1010 4434 1045 4499 11
