3067 5117
277 370 337 443 iifl

274 522 418 591 otissime
436 520 674 591 veniamus
693 486 872 610 perspexit,
891 547 933 595 ex
956 520 1188 611 antiquissimis
1215 522 1298 611 legis
1326 521 1424 591 aetio-
1483 538 1486 543 '

274 626 326 690 nis
356 633 559 691 saeramento
586 623 696 691 uerbis
725 624 939 693 sollemnibus
967 624 1196 711 depromptum
1227 645 1319 701 esse,
1355 623 1424 709 plus

274 748 373 811 qnam
394 724 571 791 uerisimile
599 724 652 801 sit,
682 746 790 811 neque
818 747 897 793 uero
919 726 984 793 diei
1003 749 1102 813 posse
1123 725 1288 801 uideatur,
1317 724 1348 791 ei
1368 722 1424 791 ali·

274 825 417 913 quando,
438 824 495 912 qui
513 826 558 891 ita
577 824 759 893 uindicaret
779 849 916 914 „nego
940 827 1039 895 Tibi
1058 827 1124 893 ius
1146 833 1268 893 esse“
1299 824 1424 893 eunies·

274 926 413 1005 somam,
432 926 464 993 ei
484 925 540 1013 qui
562 949 663 1014 „ago
683 927 753 995 ius
775 935 900 1005 esse“,
922 928 1124 1015 negatoriam
1140 926 1353 999 assertionem
1370 924 1424 991 ad-

274 1029 428 1116 scriptam
446 1027 562 1094 fuisse:
594 1051 702 1115 neque
722 1028 819 1097 etiam
847 1030 1029 1116 posteriore
1049 1040 1194 1117 tempore
1214 1050 1350 1115 prorsus
1367 1027 1426 1101 im·

273 1140 411 1197 mutatas
440 1150 513 1196 esse
533 1128 699 1195 sationum
724 1130 894 1209 notiones,
927 1130 1097 1218 probabile
1117 1129 1159 1195 sit
1183 1167 1225 1181 -
1253 1127 1426 1215 quaeritur,

275 1256 318 1299 an
337 1231 455 1299 melior
475 1230 638 1317 quaedam
658 1230 741 1297 ratio
762 1232 867 1318 possit
887 1232 921 1299 in
933 1230 1077 1299 medium
1097 1230 1245 1319 proferri.
1267 1231 1312 1297 Et
1334 1228 1428 1295 talem

274 1333 406 1421 quidem
416 1332 576 1401 rationem
583 1354 625 1398 ex
638 1331 690 1410 iis,
703 1354 788 1419 quae
802 1356 902 1421 snpra
908 1332 1061 1411 uidimus,
1075 1332 1207 1420 egregie
1216 1331 1427 1419 statuiposse,

273 1458 466 1525 perennium
482 1433 649 1499 habemus.
682 1434 794 1518 Quum
815 1434 902 1501 enim
922 1457 964 1503 ex
985 1434 1210 1503 Romanorum
1232 1432 1347 1499 saltem
1370 1431 1427 1497 do-

274 1536 378 1603 etrina
394 1533 497 1621 (quod
512 1533 597 1599 inira
614 1533 888 1601 demonstrabitur
902 1537 934 1619 §-
949 1537 1015 1620 27.)
1030 1534 1210 1601 dominium
1229 1533 1280 1599 ius
1296 1532 1428 1621 plebum

274 1638 317 1703 sit
337 1647 371 1703 et
395 1634 598 1703 exolusiunm
619 1634 655 1701 in
672 1658 711 1703 re
732 1635 842 1721 aliqua
863 1635 972 1721 itaque
1003 1636 1125 1723 duplex
1145 1634 1215 1703 eius
1236 1634 1366 1721 integra
1390 1632 1428 1697 sit

274 1736 468 1812 auotoritas,
500 1758 569 1801 nou
589 1734 723 1814 dubito,
755 1736 835 1823 quin
865 1737 906 1805 ad
930 1737 1016 1806 bauo
1038 1736 1235 1803 diuisionem
1254 1734 1301 1801 ita
1319 1733 1430 1805 referri

274 1838 416 1905 debeant
436 1836 582 1903 actiones
602 1835 697 1915 illae,
720 1847 756 1905 ut
776 1837 1048 1907 confessoris
1068 1836 1111 1903 sit
1133 1859 1188 1914 ea,
1221 1836 1315 1903 euius
1336 1836 1372 1902 ui
1392 1858 1427 1903 ao

273 1949 434 2029 potestate
452 1936 605 2003 dominus
623 1935 674 2003 ius
694 1937 837 2007 leniendi
857 1939 982 2027 aliquid
1002 1937 1065 2005 sibi
1085 1948 1271 2025 oompetere
1294 1948 1428 2009 eonten-

273 2042 322 2107 dit
341 2040 396 2110 nel
418 2040 454 2105 in
474 2061 535 2104 suo
557 2038 611 2105 uel
631 2039 666 2105 iu
687 2038 815 2118 alieno,
846 2051 980 2128 propter
1000 2041 1108 2127 ipsum
1129 2060 1224 2109 suum
1251 2038 1430 2105 dominium

274 2144 389 2211 eiusne
409 2140 635 2208 extensionem
655 2140 690 2209 in
708 2141 766 2219 iis,
799 2162 882 2227 quae
903 2141 1037 2211 domiuo
1061 2150 1194 2228 propter
1220 2139 1357 2228 plenum
1381 2139 1429 2206 ius

274 2267 370 2311 sunm
390 2242 498 2309 faeere
518 2240 616 2320 lieet,
644 2243 869 2329 negatoria
900 2254 1031 2320 tonna,
1062 2264 1128 2332 qua
1155 2252 1255 2329 negat
1279 2240 1428 2313 domiuus

273 2342 397 2429 aliquid
417 2342 453 2407 in
473 2364 534 2409 suo
553 2341 626 2409 fieri
645 2342 766 2411 debere
787 2343 841 2411 uel
871 2344 905 2411 in
928 2344 1047 2422 alieno,
1067 2343 1139 2431 pari
1169 2342 1269 2411 modo
1299 2353 1430 2431 propter

273 2449 382 2535 ipsum
401 2464 496 2510 suum
517 2443 697 2511 dominium
718 2444 776 2530 [ei.
798 2446 883 2515 inira
903 2448 935 2531 S.
960 2446 1162 2531 uertat.)
1182 2444 1296 2515 eiusue
1318 2455 1428 2513 exten·

275 2549 403 2615 sionem
422 2544 459 2611 in
478 2566 518 2611 ea
538 2546 711 2631 qualitate,
740 2570 806 2634 qua
827 2547 911 2615 alios
933 2546 976 2617 ab
1002 2570 1064 2613 usu
1086 2547 1135 2615 rei
1156 2568 1235 2615 suae
1258 2546 1429 2617 excludere

273 2649 520 2740 potest¹⁸·¹⁵).
559 2650 605 2714 Et
629 2648 695 2715 hue
717 2649 833 2735 procul
862 2648 963 2715 dubio
984 2649 1117 2736 respicit
1144 2650 1176 2734 S.
1197 2652 1227 2721 2.
1249 2649 1275 2715 L
1298 2648 1430 2725 deant,

275 2777 373 2839 quem
403 2756 514 2821 losum
543 2750 736 2838 saepissime
770 2761 953 2828 uersatum,
992 2774 1080 2820 nuno
1107 2751 1218 2839 paullo
1253 2751 1429 2821 aceruatim

272 2856 496 2943 inspieiamus.
525 2865 529 2871 ’

277 3102 475 3112 ..μ-...-

314 3270 359 3334 18)
394 3272 599 3324 Confessorism
626 3273 762 3324 sotionem
791 3286 826 3321 ex
876 3284 966 3321 rerum
983 3271 1133 3320 libertatem
1154 3284 1334 3338 expressum,
1370 3288 1429 3339 pro-

275 3362 396 3415 dominio
436 3372 528 3415 ustam
568 3367 713 3430 proposuit
746 3364 827 3415 etiam
877 3377 980 3414 uocans
1000 3366 1035 3415 sd
1053 3366 1249 3416 Tnorntuvrr
1266 3366 1302 3415 ad
1323 3367 1347 3429 5.
1365 3365 1390 3418 2.
1407 3364 1427 3415 1.
1519 3412 1520 3417 ,

276 3455 515 3507 Gnsrnanrnorrs
536 3471 563 3521 p.
584 3452 633 3506 li..
683 3456 828 3507 Rationem
880 3455 913 3505 de
935 3462 986 3506 aet
1006 3457 1051 3507 ubi
1068 3458 1179 3519 legitur:

274 3546 304 3596 in
322 3552 401 3597 textu
420 3548 583 3613 descriptam
605 3548 707 3612 primus
727 3562 829 3613 propo·
886 3550 956 3610 El.
983 3552 1044 3611 ΦΑ
1051 3552 1063 3609 l
1070 3552 1216 3613 NETAI
1223 3554 1332 3611 ,ΕΛΕ
1340 3550 1430 3612 ΥΘΕ-

277 3637 332 3687 suit
354 3638 510 3689 Kannaavs
535 3640 563 3690 in
590 3639 763 3695 linamenta
783 3640 829 3693 Ia·
1013 3654 1132 3713 PON.
1159 3653 1307 3713 ΕΙΝΑΙ,

278 3729 450 3782 ’ΜΘΝ
468 3728 493 3797 l·
510 3730 562 3781 ω’·
882 3752 994 3816 (seilicet
1013 3752 1154 3817 agrum),
1173 3754 1429 3819 quaeuerbaexter·

316 3840 362 3903 ¹⁴)
380 3844 425 3895 Dr
442 3843 525 3897 mea
553 3861 580 3912 p.
603 3844 665 3900 208.
694 3845 832 3901 sationem
882 3858 920 3897 na
950 3844 1039 3907 speeie
1067 3844 1197 3909 deeeptu
1227 3844 1285 3895 sine
1314 3844 1371 3895 ulla
1389 3857 1427 3892 ra·

278 3936 447 4000 statoriam
488 3938 600 3993 omuino
645 3943 728 4002 negat
770 3950 832 3991 esse
881 3934 1174 3993 uoneeonsunsiseun
1196 3936 1318 3991 eiusdem
1336 3937 1428 3993 Tuo·
1518 3918 1519 3971 l

279 4044 316 4081 ex
357 4028 479 4082 dominio
514 4029 666 4095 proditam,
709 4030 829 4095 nihilque
880 4041 958 4082 aaran
975 4027 1051 4089 adi
1073 4024 1115 4082 13.
1129 4029 1165 4079 it.
1183 4030 1295 4089 aliato:¹

278 4121 353 4174 aliud
382 4135 445 4174 esse
473 4122 621 4185 contendit,
659 4122 713 4176 nisi
745 4122 833 4173 iasar
886 4120 955 4181 ΕΙ.
974 4122 1202 4186 thiNETAl
1217 4116 1429 4180 .ΕΛΕΤΘΕ·

278 4211 393 4265 aaronis
411 4214 445 4265 da
462 4212 586 4267 libertate
604 4215 744 4278 personali
763 4213 832 4278 (uim
1040 4202 1133 4265 ΡΟΝ
1151 4246 1159 4264 .
1183 4199 1333 4264 ΕΙΝΑΙ.

280 4303 421 4355 aindoma
458 4305 487 4357 in
523 4305 685 4364 libertatem)
721 4312 835 4373 propter
886 4302 1146 4369 (inhominem).
1165 4302 1245 4358 Certe
1268 4313 1333 4353 nero
1351 4298 1429 4360 tonat
