3067 5117
264 428 307 495 bl

202 644 203 647 ,
265 580 380 659 uti,“
414 581 547 669 egregie
580 581 622 648 ad
653 584 869 669 posteriorem
890 586 1049 672 quadrent
1066 587 1259 655 sententiam
1279 626 1319 637 -
1340 587 1422 654 alras

267 682 354 749 cuim
375 681 556 748 dicendum
568 683 683 750 fuisset
706 686 778 762 „in
798 687 1020 773 utriusque
1041 688 1424 773 hereditate“¹⁹)-

266 784 479 851 Hvsonnvs
499 804 541 849 ex
562 786 671 850 uerbis
707 786 778 863 „si
800 786 996 854 debonis
1019 790 1200 856 alterius
1228 788 1424 876 impube-

268 886 328 950 ris
366 895 561 969 quartam
593 896 758 971 partem
794 890 1028 969 retineat,“
1064 892 1210 978 priorem
1231 892 1425 977 opinionem

267 986 446 1053 luculenter
467 986 669 1066 confirmari,
701 987 867 1068 inuenisse
902 990 964 1057 sibi
994 993 1087 1057 uisus
1108 984 1185 1059 est:
1223 1016 1285 1059 nec
1315 1002 1426 1058 tamen

268 1093 366 1158 credo
389 1089 701 1177 argumentationem
722 1092 785 1157 uiri
804 1092 920 1158 summi
947 1093 1085 1173 multos,
1121 1095 1178 1180 qui
1209 1083 1427 1172 subscribant,

269 1218 342 1261 csse
362 1194 576 1258 inuenturum.
963 1192 966 1196 ’
1217 1181 1219 1186 ’

374 1293 529 1361 Ceterum
558 1314 610 1359 me
643 1294 751 1362 iudice
783 1307 852 1362 tota
877 1297 935 1363 issa
952 1298 1024 1364 rixa
1047 1299 1156 1384 quoad
1176 1299 1260 1365 hanc
1282 1308 1430 1364 nostram

269 1398 377 1485 legem
397 1412 531 1483 prorsus
553 1407 602 1462 est
627 1418 886 1483 superuacanea:
907 1398 995 1464 idem
1014 1400 1100 1465 enim
1128 1400 1163 1464 in
1184 1422 1262 1467 casu
1283 1426 1304 1467 a
1318 1402 1429 1466 Parr-

268 1518 379 1566 ruauo
400 1498 570 1585 proposito
594 1498 740 1577 eueniet,
771 1500 842 1567 siue
870 1501 1143 1567 contributionem
1164 1500 1430 1588 praescripseris,

270 1604 339 1669 siue
362 1600 474 1688 augeri
494 1610 618 1666 tantum
640 1600 748 1688 legata
768 1601 951 1667 alterutrius
969 1603 1129 1689 portionis
1150 1603 1307 1669 innueris.
1360 1603 1430 1668 Ta-

270 1706 336 1771 lem
359 1704 445 1769 enim
468 1701 530 1767 sibi
552 1724 664 1774 casum
685 1703 800 1789 procul
821 1704 923 1770 dubio
944 1704 1039 1769 fiuxit
1071 1704 1329 1781 iureconsultus,
1364 1725 1431 1789 quo

270 1806 444 1874 coniuncta
479 1804 590 1869 omnia
618 1802 727 1891 legata
757 1827 826 1870 nou
853 1805 1049 1872 excederent
1069 1819 1224 1893 paternae
1239 1803 1431 1871 hereditatis

271 1906 544 1990 dodrantem2⁸⁰)
575 1905 684 1991 itaque
715 1915 747 1970 et
768 1907 1009 1973 contributione
1030 1907 1116 1973 facta
1135 1919 1168 1973 et
1189 1907 1334 1974 adauctis
1357 1917 1431 1972 tan·

270 2021 338 2075 tum
359 2007 474 2095 legatis
497 2007 687 2073 substitutus
708 2007 872 2094 iutegmm
893 2008 1027 2075 habebit
1046 2010 1276 2095 quadrantem,
1314 2031 1432 2075 omnes

270 2110 420 2198 legatarii
441 2109 547 2174 solida
569 2108 687 2194 legata.
731 2110 890 2193 Quaestio
910 2110 1009 2197 igitur
1026 2121 1189 2177 commota
1208 2126 1277 2179 tum
1298 2112 1434 2177 demum

271 2214 339 2277 uim
357 2210 478 2277 habere
499 2210 649 2297 incipiet,
680 2211 708 2275 si
739 2212 819 2297 quid
839 2212 924 2278 ultra
943 2214 1137 2280 dodrantem
1157 2225 1312 2302 paternae
1332 2212 1433 2279 here-

272 2314 380 2380 ditatis
402 2313 546 2399 legatum
567 2312 618 2390 sit,
640 2322 672 2379 et
690 2312 755 2379 hoc
776 2314 908 2399 quidem
925 2338 1003 2381 casu
1016 2327 1254 2403 consequenter
1271 2316 1323 2393 iis,
1345 2337 1434 2400 quae

271 2440 369 2503 supra
390 2416 422 2499 S.
442 2416 472 2481 4.
496 2414 717 2492 disseruimus,
739 2415 921 2502 legatorum
942 2416 1101 2482 rationem
1121 2417 1336 2503 separandam
1360 2439 1434 2482 esse

272 2517 427 2609 debemus
450 2514 658 2582 contendere.
700 2516 806 2582 Nobis
830 2517 917 2583 enim
937 2528 1005 2583 tota
1023 2518 1104 2585 haec
1126 2518 1273 2604 quaestio
1296 2541 1368 2582 non
1393 2518 1435 2583 ad

272 2620 358 2699 eius,
380 2620 436 2705 qui
458 2642 499 2684 ex
517 2618 617 2684 uariis
644 2618 850 2703 portionibus
880 2619 940 2684 sub
965 2621 1153 2687 conditione
1174 2621 1270 2687 heres
1291 2620 1435 2706 scriptus

272 2732 331 2800 est,
353 2719 597 2786 similitudinem
618 2720 676 2805 [cl.
698 2720 798 2787 Lao.
815 2722 848 2804 §-
856 2722 887 2789 7.
905 2720 947 2787 sd
966 2723 1050 2809 Leg.
1071 2723 1190 2807 Pale),
1212 2724 1272 2790 sed
1294 2734 1435 2809 propter

273 2826 378 2913 ipsam
406 2824 447 2889 L.
470 2824 519 2891 14.
552 2824 583 2907 ὃ.
603 2825 633 2891 2.
665 2823 718 2888 eit.
747 2822 790 2887 ad
812 2820 983 2890 coheredis
1013 2826 1292 2912 comparationem
1319 2824 1434 2890 remit-

272 2927 371 2993 tenda
391 2926 519 2993 uidetur
539 2948 623 3002 esse,
647 2924 736 3010 quod
758 2947 798 2989 eo
822 2946 901 2991 casu
920 2948 981 3011 per
998 2950 1034 2992 se
1054 2928 1128 3005 liet,
1155 2928 1183 2993 si
1212 2927 1292 2993 alter
1319 2926 1433 3015 pupil-

272 3030 323 3095 lus
354 3039 428 3095 ante
455 3038 580 3115 patrem
605 3037 750 3092 mortuus
775 3026 833 3106 sit,
863 3048 928 3112 quo
957 3027 1042 3094 facto
1064 3050 1106 3094 ex
1124 3029 1255 3116 uulgari
1276 3029 1436 3094 substitu-

274 3132 363 3198 tione
390 3131 429 3209 is,
449 3128 506 3216 qui
525 3131 653 3216 utrique
673 3129 863 3195 substitutus
882 3139 967 3206 erat,
995 3152 1073 3197 uere
1095 3132 1231 3197 coheres
1251 3131 1287 3195 fit
1303 3131 1435 3217 pupillo

275 3233 457 3322 superstiti,
481 3232 589 3319 itaque
611 3232 721 3297 omnia
743 3231 814 3316 pari
836 3230 935 3296 modo
957 3231 1127 3309 eueniant,
1159 3255 1197 3298 ac
1216 3239 1245 3314 ς.
1266 3234 1297 3298 4.
1327 3231 1435 3296 lusius

275 3350 324 3421 est
346 3334 539 3422 expositum.
580 3332 681 3409 Item,
703 3332 731 3396 si
752 3344 888 3419 uterque
909 3332 1054 3419 pupillus
1076 3336 1178 3421 patris
1200 3344 1274 3399 ante
1293 3345 1435 3398 mortem

274 3419 461 3514 decesserit,
484 3445 516 3501 et
538 3433 711 3520 exprimis
731 3443 855 3499 tantum
876 3435 994 3501 tabulis
1016 3434 1125 3523 legata
1146 3446 1290 3513 exstent,
1312 3434 1438 3501 contri·

277 3639 477 3655 ..ι-...ψ’-

305 3774 352 3849 ³⁹)
379 3779 461 3843 Quod
492 3776 589 3829 clarius
617 3779 773 3844 apparebit,
803 3779 827 3829 si
915 3778 961 3845 ⁸0)
980 3781 1032 3832 Vel
1050 3780 1120 3829 adeo
1148 3779 1231 3828 talem
1256 3778 1377 3842 speciem
1406 3778 1434 3827 in

274 3875 436 3926 contrariam
456 3872 618 3923 sententiam
644 3871 827 3935 expresseris:
876 3881 966 3925 mente
983 3873 1078 3923 habuit
1101 3872 1295 3923 Parrurnnvs:
1335 3872 1434 3921 'rests-

276 3969 338 4030 „in
358 3964 511 4016 atterius
530 3964 731 4015 hereditate
750 3965 826 4015 Fal·
876 3974 928 4030 tor,
946 3966 992 4031 qui
1009 3964 1239 4029 reliquitcccc,
1260 3976 1296 4012 ex
1317 3962 1434 4012 semisse

275 4059 367 4108 sidia
391 4057 464 4106 uti“
496 4064 523 4107 et
544 4057 602 4120 „in
629 4057 826 4121 utriusque
878 4059 995 4109 instituit
1021 4057 1114 4108 Seium
1138 4064 1166 4105 ct
1184 4056 1286 4107 Titium
1302 4054 1434 4119 pupillos.

274 4150 485 4202 heredita-tc
534 4149 700 4200 Falcidia
746 4148 829 4198 uti.“
878 4150 991 4201 Assio
1014 4148 1117 4211 legauit
1140 4148 1265 4211 OC.‚·s
1291 4147 1365 4197 Titio
1393 4146 1433 4207 G,

275 4244 445 4293 Hvscumvs
471 4243 534 4295 Vol.
552 4243 617 4293 VII.
636 4259 662 4306 p.
681 4240 743 4297 sat.
764 4241 830 4291 certi
877 4242 985 4305 utrique
1005 4240 1142 4291 Maeuium
1160 4239 1311 4302 substituit,
1337 4253 1431 4303 aquo

274 4334 341 4391 nihil
360 4336 403 4385 his
419 4335 511 4387 uerbis
531 4342 608 4401 putat
627 4334 747 4385 iudicari.
879 4333 947 4385 nihil
963 4332 1073 4395 ressais.
1149 4382 1152 4387 .
