3067 5117
1254 365 1297 435 tt

135 519 374 605 „patiatur“
395 529 552 606 ¹utroque
584 520 625 585 ab
658 520 833 605 interprete
864 539 1038 604 perperam
1071 514 1113 581 sit
1141 516 1294 582 conside-

37 634 40 643 '
134 630 257 697 ratum,
273 623 324 705 Η)
359 621 422 687 hoe
456 622 546 687 enirn
572 621 709 687 uerbum
737 620 855 685 nullibi
879 618 1000 685 habere
1021 618 1295 706 significationem

133 722 264 787 sinendi
287 723 357 787 siue
374 723 565 789 admittendi
584 723 718 808 aliquid,
739 723 819 789 satis
840 732 889 788 est
909 721 1122 809 exploratum.
1134 722 1188 803 12)
1227 721 1294 785 Ac-

132 823 230 901 cedit,
255 824 344 909 qnod
367 848 409 889 ne
430 824 513 890 duae
535 824 667 910 quidem
679 823 897 889 dubitationes
917 823 968 889 his
990 823 1100 889 uerbis
1122 821 1293 887 continen-

131 934 197 1001 tur,
254 925 313 991 sed
353 946 419 993 una
459 936 582 993 tantum
625 924 750 991 duabus
793 925 938 1013 partibus
982 935 1154 1001 constans,
1205 922 1294 1008 quod

130 1036 218 1091 recte
250 1029 417 1112 perspexit
436 1030 716 1105 manuumve,
739 1028 782 1093 A.
805 1052 839 1114 p.
860 1028 943 1105 244,
969 1026 1025 1111 qui
1047 1037 1156 1092 umen
1176 1022 1292 1091 ceteris

130 1127 218 1193 uitiis
242 1128 366 1215 etipse
388 1127 522 1195 laborat.

239 1231 415 1313 Quaeritur
437 1232 562 1317 itaque,
590 1253 668 1295 nurn
690 1229 807 1297 melior
827 1232 870 1297 sit
895 1231 1114 1297 Hossnansr
1131 1231 1291 1316 interpre-

131 1328 231 1407 tatio,
264 1354 362 1416 qnam
389 1333 460 1418 ipse
488 1333 559 1399 sine
585 1334 653 1399 ulla
682 1343 851 1420 praeterea
871 1332 1088 1420 explicatione
1110 1327 1143 1398 et
1166 1353 1293 1398 summo

130 1442 258 1496 tanturn
281 1432 384 1517 digito
407 1433 658 1501 demonstratam
679 1436 861 1521 proposuit.

240 1534 318 1616 Qua
334 1534 368 1598 in
388 1558 423 1599 re
444 1535 584 1621 primum
604 1547 653 1601 est
673 1536 938 1623 disquirendum,
967 1558 1111 1623 quonam
1131 1535 1201 1600 iure
1220 1534 1292 1599 Pn-

131 1654 303 1701 Pnunnvs
330 1635 489 1721 particula
532 1637 739 1723 „atquin“
785 1660 865 1703 usus
892 1639 952 1716 sit,
1001 1660 1066 1723 qna
1088 1637 1124 1701 in
1149 1635 1292 1701 dictione

129 1736 256 1813 latina,
285 1759 369 1821 quae
391 1737 528 1803 classica
546 1738 681 1817 dicitur,
710 1738 929 1807 obiectionem
954 1738 1115 1806 contineri
1149 1760 1225 1802 cum
1245 1735 1293 1801 al-

130 1838 340 1915 firmetione‚
368 1838 490 1903 dudum
518 1839 679 1928 philologi
703 1851 948 1907 consenserunt.
989 1840 1059 1909 Sed
1080 1840 1108 1903 si
1128 1837 1293 1922 quaestio·

129 1940 180 2003 nis
201 1938 447 2025 praecedentis:
512 1941 631 2024 „Quid
660 1953 768 2008 tamen
796 1942 941 2008 dicemus
972 1942 1013 2006 de
1048 1939 1149 2005 altero
1172 1939 1292 2003 substi-

17 2108 18 2131 ξ
128 2052 197 2106 tuto
222 2088 231 2103 .
254 2088 263 2103 .
287 2088 294 2103 .
320 2088 328 2105 .
354 2052 385 2106 et
402 2041 509 2128 ipsum
530 2042 711 2109 Falcidiam
731 2042 968 2109 habiturum?“
991 2054 1138 2108 tenorem
1157 2062 1290 2106 accura-

127 2143 192 2207 tius
211 2141 398 2227 inspexeris
421 2156 451 2209 et
465 2145 584 2229 prioris
602 2144 779 2210 decisionis
799 2165 950 2212 caussam
969 2144 1100 2211 allatam
1119 2141 1186 2209 huc
1211 2166 1292 2209 con-

17 2238 19 2243 ’
130 2244 264 2321 tuleris,
299 2242 387 2307 haud
410 2243 543 2311 difficile
565 2246 744 2333 intelliges,
773 2248 899 2334 fingere
928 2247 991 2313 sibi
1011 2246 1167 2313 debuisse
1186 2244 1293 2311 PAPI-

128 2364 290 2422 manvu,
320 2344 405 2412 hanc
428 2346 561 2413 alteram
582 2349 808 2434 quaestionem
829 2358 984 2435 negatum
1011 2348 1068 2415 iri:
1097 2348 1206 2433 itaque
1232 2370 1291 2413 ne-

129 2458 264 2535 gentem
276 2470 488 2533 praesumens
509 2452 761 2537 responsionem
782 2448 962 2517 rectissime
981 2465 1119 2539 pergere
1139 2450 1263 2539 potuit:

212 2548 410 2635 „Atquin
433 2562 578 2637 quartem
598 2552 745 2631 habet,“

128 2652 162 2718 id
186 2664 256 2719 est:
298 2652 423 2731 „Licet
447 2665 535 2719 recte
559 2654 829 2739 praecedentibus
851 2664 974 2719 tantum
998 2653 1212 2721 consideretis
1233 2677 1292 2720 ne-

129 2779 209 2839 gare
233 2753 431 2832 debeamus,
454 2764 599 2839 quartam
621 2778 695 2819 eum
723 2764 923 2821 retenturum
951 2780 1042 2835 esse,
1067 2747 1292 2822 nihilomi-

130 2880 205 2922 nus
228 2868 367 2921 tamen
394 2854 542 2921 Falcidia
561 2864 699 2935 utetur,“
726 2881 809 2942 quac
829 2857 963 2924 reticeo
984 2859 1190 2944 potissimum
1210 2881 1290 2923 con-

130 2960 294 3033 firmatur,
327 2955 415 3041 quod
434 2978 582 3021 caussam
603 2959 774 3045 negandae
795 2960 995 3045 quaestionis
1014 2960 1190 3025 obiectioni
1212 2981 1290 3023 suae

130 3062 203 3146 ipse
226 3057 467 3141 iureconsultus
488 3058 626 3125 addidit:
649 3084 806 3146 „neque
828 3063 937 3129 idem
957 3063 1139 3149 patiatur
1159 3059 1291 3123 insti-

132 3163 210 3229 tuti
254 3160 590 3247 comparatio.⁷²)
651 3163 721 3228 lam
750 3163 846 3241 uide,
871 3184 968 3250 quam
997 3164 1082 3230 bene
1110 3160 1292 3227 schabest

136 3364 339 3381 Μ..

169 3524 217 3588 tr)
237 3526 321 3587 Quod
338 3526 407 3577 bene
432 3526 501 3575 uidit
517 3528 686 3577 Hvscrnuvs
737 3526 906 3592 „atquin“
924 3528 1067 3577 notionem
1077 3526 1290 3591 praeteruidr'sse

134 3619 196 3669 Vol.
216 3618 269 3669 vl.
298 3634 325 3681 p.
345 3616 414 3681 tte,
434 3620 482 3667 sed
508 3620 584 3669 nullo
603 3621 685 3670 modo
737 3620 814 3681 argui
831 3619 944 3683 possim.
980 3620 1176 3670 Verumtamen
1192 3620 1221 3670 in
1240 3620 1289 3671 Di·

135 3709 191 3773 ipse
221 3710 352 3771 euitauit,
387 3710 450 3759 lieet
476 3711 529 3762 elia
558 3714 687 3767 uersione
738 3711 822 3773 gestis
840 3712 914 3761 haud
937 3711 1035 3760 temtor
1048 3712 1103 3761 iam
1122 3710 1291 3762 immutatam

135 3809 232 3853 utatur.
738 3804 814 3853 nocis
831 3804 904 3853 illius
924 3803 978 3853 uim
996 3802 1168 3866 insanimus,
1191 3805 1230 3853 ita
1261 3811 1291 3854 nt

171 3891 217 3961 ³²)
230 3894 273 3945 Cf.
285 3894 341 3945 loci
357 3895 387 3947 in
398 3896 578 3947 Foncnnnnu
595 3897 685 3949 lexico
738 3894 900 3945 obiectionis
918 3895 1085 3947 conscientia
1093 3909 1207 3960 prorsus
1226 3911 1290 3947 eua-

137 3986 171 4034 ad
189 3986 261 4036 hane
280 3999 378 4037 uocem
396 3988 532 4037 cumulati.
736 3989 833 4051 nuerit,
852 3994 881 4037 et
898 3988 1155 4039 sotaatlirmationis
1166 3994 1290 4053 potestas

173 4074 217 4139 13)
239 4078 294 4129 Sed
324 4078 435 4129 omniuo
455 4081 686 4145 scrupulosiorem
736 4080 906 4131 remanserit.
940 4081 1111 4142 Argumento
1136 4086 1179 4130 est
1196 4082 1227 4131 L.
1248 4079 1290 4131 tt.

137 4166 203 4219 hanc
218 4169 472 4233 interpretationem
498 4171 594 4222 iccirco
625 4178 684 4223 tan·
735 4171 1003 4237 pseusennes.
1024 4172 1159 4237 (xxxvl,
1179 4170 1229 4234 tt:

138 4264 192 4311 tum
208 4262 348 4326 praefero,
382 4277 417 4315 ne
445 4263 591 4327 genuinam
608 4264 685 4315 uerbi
798 4264 965 4327 „Videamus
992 4270 1099 4328 snum,
1131 4278 1166 4315 ns
1194 4270 1224 4315 et
1249 4262 1289 4328 pi·
