3067 5117
1229 392 1272 460 ts

226 540 297 610 Sed
319 540 415 609 etiam
436 541 531 608 huius
556 542 735 609 sententiae
756 550 904 609 auctores
926 541 1046 608 auxilio
1069 560 1208 609 uocasse
1227 542 1279 608 ui-

118 644 182 709 deo
208 644 319 729 legem
335 643 481 730 aliquam
500 646 565 711 iam
585 644 715 731 saepius
736 668 756 709 a
776 644 873 709 nobis
896 644 1041 722 citatam,
1064 644 1146 709 'dico
1168 644 1210 709 L.
1228 645 1279 711 41.

117 748 148 828 §.
167 745 200 811 6.
231 744 273 811 de
298 745 390 832 uulg.
420 762 452 813 et
474 770 571 833 pup.,
601 746 693 811 euius
720 744 830 811 uerbis
857 746 1041 832 prioribus,
1074 768 1174 831 quum
1199 744 1280 810 nihil

118 846 249 911 dicatur
272 846 314 912 de
341 846 457 933 legatis
481 848 593 933 primis
619 846 736 913 tabulis
766 846 905 925 relictis,
930 847 1071 932 ideoque
1098 846 1179 911 nihil
1199 845 1281 911 haec

118 948 258 1013 attinere
285 950 561 1035 praesumendum
588 949 646 1026 sit,
676 949 949 1015 contributionem
974 948 1162 1035 generalem
1183 969 1281 1034 prae-

119 1050 220 1116 scribi
244 1050 455 1117 contendunt.
496 1050 564 1117 Sed
585 1072 684 1137 supra
702 1050 768 1116 iarn
785 1048 943 1127 uidimus,
963 1049 1047 1136 legis
1068 1047 1165 1113 huius
1184 1069 1281 1135 prae-

119 1161 273 1237 ceptum,
305 1152 431 1217 etiamsi
456 1151 565 1239 legata
595 1152 708 1238 primis
729 1150 848 1217 tabulis
868 1149 981 1215 relicta
1000 1150 1079 1226 sint,
1107 1160 1216 1215 tamen
1238 1148 1281 1214 ad

118 1276 157 1318 ea
178 1252 293 1318 solum
314 1252 505 1319 trahendum
527 1275 610 1330 esse,
634 1274 717 1337 quae
740 1247 892 1317 secundis
914 1251 1035 1337 scripta
1053 1250 1200 1315 fuerunt:
1220 1249 1281 1315 ita-

119 1366 202 1439 que',
226 1354 284 1439 qui
305 1354 552 1421 contributionis
574 1354 621 1421 ibi
638 1354 780 1441 uestigia
799 1353 947 1419 inuenire
969 1352 1032 1417 sibi
1051 1351 1203 1417 uidentur
1223 1374 1282 1438 ge·

118 1454 264 1532 neralis,
298 1454 398 1520 multa
417 1456 526 1521 uerbis
549 1466 758 1542 supponunt,
792 1478 876 1541 quae
900 1453 991 1519 nullo
1012 1453 1112 1519 modo
1133 1452 1283 1541 indican-

118 1564 180 1621 tur,
197 1560 250 1638 ⁵2)

227 1658 277 1742 4.)
309 1657 542 1741 Quaerendum
570 1667 619 1723 est
649 1657 764 1745 igitur,
800 1680 878 1721 num
916 1666 1030 1741 quarta
1050 1656 1283 1725 vmsnaovn

117 1759 201 1825 ratio
224 1759 445 1846 undequaque
465 1758 561 1825 nobis
583 1758 767 1825 satisfaciat.
808 1759 858 1823 Ao
875 1781 953 1823 uere
971 1757 1067 1823 huius
1088 1758 1152 1823 uiri
1170 1770 1282 1825 auoto-

117 1861 207 1926 ritati
232 1860 503 1927 subscribendum
521 1884 593 1929 esse
614 1862 721 1926 uisum
743 1870 802 1926 est.
843 1860 950 1928 Vnioe
978 1859 1066 1925 enim
1093 1859 1158 1927 hoo
1183 1862 1283 1928 modo

118 1962 256 2039 omnia,
305 1986 389 2048 quae
425 1986 524 2049 supra
571 1963 871 2051 comprobamus,
908 1970 1048 2047 possunt
1089 1963 1282 2029 consociari.

117 2064 205 2129 Nam
226 2074 260 2129 et
281 2060 553 2131 contributionem
573 2086 645 2131 esse
665 2064 848 2131 faciendam
863 2062 1047 2148 legatorum
1067 2086 1088 2127 a
1106 2064 1232 2151 pupillo
1251 2074 1284 2131 et

118 2164 291 2231 secundis*
306 2164 425 2231 tabulis
448 2167 635 2233 relictorum
666 2166 708 2231 ad
728 2166 770 2231 L.
796 2166 843 2231 11.
864 2165 896 2247 S.
916 2164 947 2230 5.
971 2162 1024 2227 cit.
1044 2165 1282 2251 perspeximus,

119 2276 151 2332 et
181 2266 298 2353 legata
327 2267 478 2333 secundis
511 2267 628 2334 tabulis
653 2266 766 2334 relicta
788 2288 847 2331 suo
869 2265 1002 2331 nomine
1023 2265 1144 2331 debere
1163 2267 1283 2333 substi-

119 2377 241 2447 tutum,
262 2386 362 2453 quum
373 2390 487 2435 eorum
503 2379 654 2456 respectu
674 2368 787 2435 habito
809 2368 870 2433 sub
886 2366 1074 2433 conditione
1094 2366 1129 2433 in
1151 2369 1285 2435 alteram

119 2470 312 2557 portionem
335 2471 506 2537 institutus·
520 2494 592 2539 esse
612 2470 777 2548 uideatur,
811 2467 935 2533 dudum
956 2468 1177 2553 exposuimus.
1216 2472 1285 2537 Ita«

122 2593 188 2658 que
217 2571 300 2637 duas
325 2572 384 2638 has
410 2572 542 2659 regulas
572 2574 644 2659 pari
672 2571 772 2637 modo
795 2571 829 2635 in
851 2568 1041 2655 quaestione
1061 2580 1174 2637 nostra
1193 2571 1283 2637 deei-

122 2673 238 2740 denda
264 2673 464 2740 adhibendas
494 2696 581 2753 esse,
612 2672 860 2740 concedendum
886 2680 953 2737 este
986 2670 1076 2756 quod
1104 2694 1178 2737 cum
1213 2674 1286 2741 sola

121 2773 375 2841 ratiocinatione
406 2776 667 2843 VANGEROVIVS
696 2773 863 2859 quondam
900 2774 1097 2849 inuenisset,
1133 2773 1285 2858 equidem

122 2876 178 2943 uel
209 2877 253 2941 L.
273 2878 324 2943 41.
354 2876 387 2959 §-
414 2876 444 2944 6.
472 2878 525 2942 cit.
555 2876 736 2943 luculenter
760 2875 854 2940 innui
885 2898 1077 2961 persuasum
1104 2872 1284 2961 habeo.⁵⁸)

122 2980 169 3043 Et
189 2976 246 3041 hio
265 2975 395 3051 demum
412 2976 504 3045 locus
529 2988 593 3057 est,
616 3000 681 3063 quo
702 2986 804 3043 totam
822 2976 913 3043 illam
927 2976 1036 3062 legem
1057 2974 1227 3041 exhibeam
1254 2986 1287 3043 et

124 3079 339 3163 interpreter:
429 3123 443 3148 ,

213 3298 217 3303 .
306 3296 310 3305 .

127 3469 189 3511 tum
206 3460 368 3512 substitutus
385 3458 511 3524 retineat,
527 3476 611 3527 quum
628 3477 686 3513 non
735 3462 820 3513 totins
840 3461 922 3513 etism
937 3459 1006 3523 loci,
1036 3459 1060 3509 si
1081 3458 1227 3524 iniioiatar,
1249 3465 1289 3510 te·

130 3552 284 3603 exsistente
313 3552 405 3615 legato
433 3552 481 3602 illo
511 3554 597 3604 multo
624 3555 686 3619 plns
736 3570 790 3605 nor
807 3568 840 3605 ea
850 3552 1062 3619 perturbaretur.
1082 3552 1290 3604 CiVsuonuo·
1364 3553 1365 3556 ’

130 3645 286 3709 retinuerit,
316 3645 417 3695 nullius
444 3645 514 3697 facio
541 3648 686 3697 momenti.
737 3660 804 3697 vivs
823 3648 859 3699 Δ.
877 3662 905 3711 p.
922 3643 997 3697 374..

132 3753 198 3789 nam
224 3737 279 3789 nisi
301 3738 443 3788 altioribus
468 3737 533 3789 iuris
551 3740 687 3804 principiis
778 3735 826 3805 ⁵³)
845 3740 1060 3790 Vsuexnovrvs
1086 3752 1196 3803 quoqne
1213 3737 1248 3789 A.
1264 3754 1291 3803 p.

131 3830 292 3893 adiuuetnr,
330 3829 527 3894 scrupulositas
560 3832 622 3881 talis
660 3830 690 3882 in
740 3828 800 3881 371.
824 3831 859 3880 ad
881 3830 913 3880 1..
942 3826 985 3881 11.
1002 3830 1025 3893 §.
1041 3829 1065 3880 6.
1087 3830 1129 3879 cit.
1150 3838 1292 3895 prouocat,

132 3922 193 3971 inre
213 3921 380 3971 admittenda
399 3936 456 3973 non
475 3936 536 3972 esee
554 3922 669 3972 uidetur.
738 3924 788 3973 sed
815 3924 850 3972 ad
875 3922 967 3987 priora
993 3928 1098 3972 mutum
1119 3921 1177 3973 eius
1195 3924 1292 3973 uerba:

175 4010 509 4074 ⁵²)Hvsnrmvsetiam
529 4010 688 4076 1..11.§.7.
737 4015 906 4078 posteriora,
937 4020 968 4064 ut
991 4029 1086 4064 omnes
1105 4013 1194 4063 adhue
1210 4013 1293 4062 inter·

135 4104 182 4155 cit
201 4106 253 4155 hnc
272 4104 363 4169 refert,
382 4106 431 4156 sed
450 4118 608 4171 perperam:
626 4121 689 4156 nam
738 4113 830 4171 preses
849 4107 933 4170 longe
951 4106 1043 4171 aliter,
1071 4112 1154 4171 atque
1172 4120 1225 4156 nos
1244 4118 1292 4153 ex-

4 4262 5 4269 *
135 4200 411 4263 praeterquamquod
422 4199 559 4251 noninest
573 4198 602 4250 in
619 4199 688 4261 legis
738 4198 858 4263 plicauit.

4 4364 5 4369 ἵ
88 4278 91 4285 ’
136 4288 228 4341 uerbis
254 4291 392 4344 renuntia
419 4292 454 4344 ab
484 4304 518 4343 eo
548 4290 689 4355 extricata,
