3067 5117
271 410 330 478 102

271 556 513 645 spondeamus,
546 572 685 636 quorum
714 550 748 615 in
770 572 810 616 eo
832 550 1009 637 praecipua
1026 545 1109 613 ratio
1132 547 1297 622 eonsistit,
1339 545 1424 630 quod

269 659 391 744 ubique
411 658 593 723 Varnavs
616 652 657 717 de
691 662 820 738 patre
850 661 881 717 et
903 660 1083 736 paterna
1113 647 1291 713 hereditate
1311 645 1422 731 loqua-

269 774 340 838 tur,
376 757 464 823 unde
486 754 661 830 efficiatur,
696 752 738 818 de
776 753 789 816 1
797 752 873 817 ilio
904 760 1029 817 tautum
1051 748 1223 815 substituto
1245 748 1299 833 agi
1319 770 1423 833 posse.

270 864 315 927 At
333 881 430 934 uero,
463 855 648 942 quicunque
669 863 762 939 pater
784 864 849 931 est,
881 863 1049 939 paternam
1073 860 1109 915 ut
1129 848 1175 915 ita
1195 850 1301 915 diuam
1324 847 1423 933 quali-

272 971 370 1027 tatem
389 979 458 1022 non
479 955 586 1021 solum
606 954 666 1020 filii
696 961 847 1039 respectu
880 952 1043 1038 possidet,
1080 950 1140 1015 sed
1175 950 1308 1016 nomine
1338 948 1425 1033 quasi

272 1058 420 1147 quaesito
441 1056 575 1134 fruitur,
611 1056 701 1141 quod
721 1054 869 1139 quisquis
892 1053 922 1119 ei
945 1050 1042 1117 debet
1060 1051 1221 1128 tribuere,
1255 1074 1324 1115 non
1356 1050 1424 1135 qui-

272 1162 348 1227 dem
366 1157 508 1223 attilius
529 1156 619 1243 ipse,
657 1155 716 1221 sed
745 1164 782 1219 ut
809 1154 868 1219 filii
890 1153 1024 1219 alieuius
1047 1152 1258 1239 procreatori.
1320 1152 1426 1235 Quum

271 1284 351 1327 uero
373 1268 519 1345 apertum
542 1257 583 1321 sit
604 1257 638 1320 in
657 1256 698 1320 L.
718 1257 768 1322 40.
798 1256 839 1321 de
860 1264 1013 1320 testatore
1034 1252 1106 1339 agi,
1142 1253 1198 1338 qui
1228 1253 1424 1339 impuberem

271 1361 412 1447 reliquit,
428 1368 562 1425 testator
574 1355 629 1422 ille
651 1380 709 1422 eur
731 1366 853 1442 pater
875 1354 939 1419 diei
961 1366 1100 1441 nequeat
1113 1366 1144 1420 et
1165 1363 1341 1440 paterna
1361 1354 1426 1418 eius

270 1462 444 1538 hereditas,
467 1459 520 1525 uel
532 1458 624 1534 adeo,
647 1457 674 1523 si
695 1457 781 1522 filius
804 1456 965 1521 institutus
986 1478 1053 1521 non
1072 1455 1178 1533 luerit,
1199 1454 1287 1521 haud
1300 1454 1426 1519 difficile

271 1575 321 1631 est
336 1562 513 1639 intellectu,
536 1572 568 1626 et
587 1556 746 1626 Romanis
767 1568 854 1624 eerte
875 1556 955 1623 haeo
979 1556 1077 1622 dictio
1098 1578 1166 1621 non
1184 1557 1292 1623 minus
1313 1556 1426 1621 usitata

269 1665 330 1729 luit
349 1686 445 1749 qoam
466 1662 579 1739 nobis,
602 1662 668 1747 qui,
691 1660 719 1723 si
740 1659 939 1724 uerboteaus
963 1658 1072 1723 locum
1090 1657 1243 1737 uerteris,
1268 1658 1426 1724 eoncede-

270 1788 363 1842 mus,
390 1775 421 1831 et
442 1762 484 1828 de
509 1761 579 1827 filio
602 1760 692 1827 etde
715 1771 870 1825 extraneo
894 1759 1064 1823 substituto
1087 1768 1174 1825 reete
1192 1760 1238 1825 ita
1256 1759 1350 1845 loqui
1369 1782 1426 1845 po-

270 1867 370 1933 tuisse
390 1867 592 1933 Varrauvar.
634 1863 758 1928 Verum
780 1860 937 1926 dubitatio
961 1860 1018 1926 illa
1033 1862 1217 1927 Hvsofflm
1238 1861 1317 1927 inde
1339 1862 1426 1927 uide·

270 1979 323 2033 tur
351 1977 429 2032 nata
459 1987 549 2041 esse,
587 1963 676 2048 quod
697 1964 881 2029 Varranvs
913 1962 1015 2028 uerba
1046 1962 1189 2049 speeiem
1228 1962 1426 2048 propositam

270 2066 475 2134 definientia:
499 2076 685 2151 „utputa,
707 2063 741 2128 si
757 2064 964 2150 impuberi
984 2062 1114 2128 luerit
1134 2064 1425 2139 substitutus,“

270 2168 382 2255 paullo
411 2167 545 2233 inferius
570 2164 711 2231 addidit:
756 2174 965 2250 „utpute“
1009 2174 1117 2231 autem
1148 2189 1217 2231 non
1247 2166 1425 2253 signifieat:

271 2267 488 2353 „exempli
520 2266 693 2353 gratia,“
744 2264 803 2331 sed
860 2266 952 2344 „ita
983 2266 1090 2333 Tibi
1132 2289 1216 2333 rem
1246 2268 1423 2354 fingas,“

272 2370 409 2449 „hane
441 2366 625 2454 speeiem
655 2375 912 2453 supponas.“

373 2471 488 2555 Neque
507 2490 587 2535 uero
608 2467 713 2553 magis
734 2476 804 2546 est,
827 2468 915 2554 quod
944 2467 1056 2535 obiieit
1074 2470 1290 2536 Hvaomsrvs
1314 2496 1347 2559 p.
1367 2474 1425 2550 88,

272 2592 355 2651 „ex
384 2570 525 2636 eadem
552 2568 822 2635 hereditate“
854 2592 922 2635 non
943 2592 1017 2637 esse
1039 2592 1138 2658 posse
1173 2593 1251 2649 „ex
1273 2575 1427 2641 eodem

271 2678 553 2739 testamento.“
615 2670 719 2736 Immo
744 2694 786 2737 ex
805 2673 947 2737 Ivnraur
978 2672 1149 2739 ratiocinio
1182 2674 1299 2759 proeul
1331 2676 1425 2741 dubio

271 2775 317 2840 ita
336 2796 389 2839 res
414 2772 615 2859 fingebatur,
636 2772 731 2858 quasi
749 2773 867 2859 pupilli
890 2784 921 2839 et
942 2774 1041 2859 patris
1064 2770 1226 2839 hereditas
1246 2796 1314 2842 una
1336 2789 1427 2843 esset.

375 2876 551 2941 Praeterea
573 2897 653 2940 uero
676 2875 798 2939 intuta
819 2874 880 2940 hae
900 2875 975 2961 lege
1003 2874 1083 2939 nihil
1115 2875 1268 2961 impedit,
1303 2880 1427 2964 quomi-

272 3000 334 3044 nus
355 2989 545 3043 extraneum
564 2975 719 3042 heredem
748 2986 780 3039 et
813 2976 992 3041 institutum
1025 2974 1125 3041 luisse
1163 2986 1195 3041 et
1226 2978 1428 3045 substitutum

271 3091 378 3147 ratum
399 3078 587 3155 habeamus,
615 3097 756 3161 namque
780 3076 876 3141 etiam
902 3078 1095 3143 Vrncsrffls
1118 3074 1271 3144 Canum
1291 3076 1369 3146 Lib.
1389 3082 1427 3145 Il.

272 3201 300 3249 o.
321 3185 372 3252 22·
394 3201 427 3267 p·
444 3181 516 3248 (136.
551 3177 754 3244 obiectiones
786 3178 889 3243 laetae
918 3201 960 3243 ex
981 3178 1039 3255 iis,
1073 3200 1157 3263 quae
1178 3180 1220 3245 ad
1239 3181 1280 3245 L.
1304 3184 1356 3249 41.
1378 3182 1426 3247 eit.

270 3283 434 3369 disputata
454 3291 550 3357 sunt,
582 3279 669 3344 haud
698 3279 830 3345 dilfieile
854 3279 1048 3345 refutantur:
1084 3280 1269 3365 quinimmo
1286 3281 1425 3349 elatissi-
1515 3294 1516 3297 ’

270 3404 359 3449 mum
378 3384 421 3447 L.
441 3382 492 3447 41.
523 3379 630 3445 statim
657 3381 858 3464 insequentis
887 3390 1095 3468 praeceptum
1119 3382 1252 3469 egregie
1272 3384 1428 3450 rationem

270 3494 415 3549 nostram
448 3481 669 3547 commendat:
710 3481 791 3546 haee
824 3481 911 3547 enim
944 3481 1028 3547 inter
1063 3493 1233 3568 utramque
1252 3482 1362 3572 legem
1384 3495 1428 3551 est

268 3583 402 3660 relatio,
424 3581 514 3669 quod
533 3582 574 3646 L.
595 3584 646 3649 41.
668 3582 842 3669 adstringit
863 3592 1072 3669 praeceptum
1091 3584 1132 3649 L.
1154 3584 1204 3651 40·
1226 3584 1364 3664 editum,
1396 3586 1427 3649 in

271 3703 345 3751 suo
366 3682 487 3750 herede
509 3684 679 3749 substituto
701 3684 791 3751 aliud
812 3682 959 3751 obtinere
982 3683 1149 3751 docendo:
1177 3686 1269 3751 euius
1289 3688 1339 3753 rei
1359 3710 1425 3751 rur·

270 3810 326 3852 sue
347 3797 396 3852 est
417 3786 499 3851 ratio
517 3785 594 3850 satis
614 3787 806 3872 perspicua,
835 3784 925 3869 quod
955 3786 1079 3852 seilicet
1108 3808 1168 3851 suo
1188 3786 1310 3854 herede
1331 3788 1426 3855 absti-

268 3899 367 3953 nente
398 3887 585 3953 destitutum
612 3908 681 3952 non
701 3888 774 3953 fieri
791 3896 920 3973 putatur
943 3897 1178 3953 testamentum.
1219 3886 1271 3954 Cl.
1292 3908 1326 3954 ιι.
1352 3890 1426 3955 111..

268 3988 340 4053 Nee
360 3988 468 4053 minus
486 3987 575 4055 lauet
595 3988 741 4055 eiusdem
760 3991 913 4056 Varraru
937 3988 1075 4055 effatum.
1089 3987 1124 4053 in
1144 3989 1186 4055 L.
1209 3990 1257 4057 10.
1282 3989 1314 4073 §.
1335 3992 1365 4056 4.
1387 3988 1425 4052 de

272 4088 362 4174 uulg.
388 4098 420 4153 et
437 4112 535 4175 pup.:

346 4188 408 4266 „Si
429 4212 471 4254 ex
494 4212 566 4255 asse
596 4189 691 4255 heres
723 4177 886 4257 institutus
907 4190 976 4256 filio
1009 4190 1205 4257 exheredato
1237 4192 1422 4258 substitutus

345 4289 566 4377 repudieuerit
585 4290 686 4375 patris
704 4290 916 4361 hereditatem
928 4278 948 4371 ‚⁵
972 4316 1072 4380 qaum
1101 4314 1169 4360 non
1194 4294 1330 4363 baberet
1349 4294 1422 4359 rub-
