3067 5117
1209 380 1268 449 tta

185 532 332 599 stitutum
347 552 416 599 non
436 532 557 621 poterit
573 533 633 599 filii
653 532 760 599 adire:
789 553 851 599 nec
872 531 959 599 enim
979 532 1067 599 ualet
1088 530 1148 597 filii
1167 541 1266 598 testa-

183 642 348 710 mentum,
369 633 434 698 nisi
453 633 553 718 patris
574 632 671 699 fuerit
692 632 780 699 adita
800 630 981 711 hereditas,
1003 655 1065 699 nec
1087 631 1205 698 sufficit
1225 631 1267 697 ad

183 734 403 801 secundarum
433 733 615 800 tabularum
647 734 736 811 uim,
772 734 819 799 sic
852 757 924 800 esse
949 734 1069 801 factum
1090 743 1266 801 testamen-

184 849 276 912 tum,
297 845 334 899 ut
354 857 397 900 ex
417 856 458 900 eo
481 834 565 899 adiri
584 833 748 900 hereditas
769 836 908 921 possit.“

209 936 287 1019 Qua
297 934 372 1021 lege
378 934 421 1001 de
432 933 559 1021 pupillo
572 934 767 1002 exheredato
779 953 809 1003 et
819 948 973 1004 extraneo
985 936 1130 1001 instituto
1144 934 1264 1001 substi-

12 1086 13 1110 ι
103 1035 315 1123 tutoquengi,
329 1036 787 1123 plusquammanilestumest.
809 1040 898 1105 Hinc
906 1039 1014 1125 itaque
1028 1038 1195 1105 euidenter
1207 1060 1266 1124 ap-

104 1150 214 1228 paret,
239 1161 282 1203 ex
304 1160 378 1203 asse
401 1136 582 1205 institutum
607 1150 796 1207 extraneum
813 1140 992 1207 hereditate
1012 1140 1183 1227 repudiata
1199 1150 1267 1205 tum

105 1242 238 1308 demum
257 1239 444 1307 exheredati
464 1239 581 1326 pupilli
598 1240 810 1308 hereditatem
830 1264 928 1327 posse
950 1242 1128 1327 acquirere,
1150 1242 1179 1306 si
1195 1241 1266 1329 ipse

106 1343 314 1409 substitutum
327 1340 492 1407 habueritz
514 1364 598 1427 quae
612 1343 735 1411 decisio
747 1343 884 1409 recurrit
902 1342 944 1407 ad
964 1342 1151 1431 primariam
1162 1343 1265 1409 Man·

104 1443 393 1521 emanationem,
403 1442 513 1509 ualere
527 1444 651 1511 scilicet
662 1446 936 1523 substitutionem,
952 1445 1087 1531 sipatris
1101 1444 1265 1511 hereditas

104 1547 240 1615 omnino
262 1568 305 1612 ex
323 1554 514 1611 testamento
535 1545 631 1613 fuerit
651 1548 748 1614 adita.
799 1548 915 1633 Neque
936 1568 1015 1613 uero
1036 1548 1267 1613 Msncmmvm

103 1651 141 1716 L.
162 1649 218 1715 40.
241 1646 334 1713 aliter
353 1645 395 1711 de
416 1644 481 1711 hoc
502 1668 580 1712 casu
598 1646 766 1725 statuisse,
792 1649 881 1715 credi
901 1658 1019 1735 potest,
1042 1670 1141 1733 quum
1160 1650 1266 1714 omnis

105 1752 173 1819 eius
206 1747 371 1816 sententia
401 1746 559 1815 trahenda
586 1749 629 1814 sit
657 1749 699 1817 ad
728 1749 871 1835 speciem
899 1749 938 1817 ab
970 1751 1133 1817 VLPIANO
1152 1750 1194 1815 L.
1215 1752 1266 1825 40.

104 1850 324 1941 propositam,
348 1849 470 1935 inqua
487 1848 568 1915 nihil
590 1850 707 1917 dicitur
729 1850 770 1916 de
797 1851 1026 1917 substituto
1058 1849 1185 1916 heredis
1208 1873 1266 1915 ex·

104 1954 210 2021 canei
231 1976 275 2018 ex
292 1974 365 2019 asse
383 1952 531 2018 instituti.
569 1953 694 2019 Verum
711 1953 932 2019 ManonLLvs
953 1951 1039 2019 hunc
1060 1974 1172 2017 casum
1193 1962 1266 2019 ante

106 2055 221 2123 oculos
252 2051 384 2131 habuit,
410 2053 439 2117 si
466 2052 610 2139 pupillus
637 2051 752 2117 fuisset
783 2054 1014 2130 exheredatus,
1041 2068 1072 2117 et
1098 2052 1164 2117 iam
1186 2052 1266 2119 duas

104 2157 200 2245 fingit
226 2155 374 2241 species,
403 2154 536 2219 alteram
563 2152 592 2218 si
619 2175 661 2219 ex
687 2176 761 2221 asse
780 2154 877 2221 fuerit
900 2154 1062 2221 institutus
1084 2164 1266 2233 exhaneus,

105 2260 252 2335 alteram,
275 2255 305 2321 si
325 2279 367 2321 ex
387 2266 496 2341 parte,
518 2278 583 2341 quo
602 2277 680 2321 casu
699 2256 880 2341 posteriore
899 2279 967 2321 non
990 2255 1135 2343 pupillus
1157 2280 1199 2323 ex
1219 2257 1267 2323 al-

106 2373 174 2428 tera
204 2368 299 2446 parte
328 2367 397 2423 erat
427 2355 608 2433 institutus,
647 2357 706 2422 sed
742 2356 877 2425 coheres
911 2370 1101 2439 extraneus,
1152 2360 1267 2447 Itaque

105 2463 212 2551 primo
236 2481 314 2526 casu
335 2456 363 2526 si
382 2456 604 2545 repudiauerit
626 2457 740 2536 heres,
763 2458 951 2525 destitutum
973 2460 1009 2525 fit
1029 2470 1267 2541 testamentum,

8 2637 9 2642 γ
105 2577 136 2631 et
161 2562 335 2651 pupillaris
358 2560 543 2627 substitutio
572 2560 805 2647 exstinguitur:
842 2560 1041 2647 posteriore,
1076 2562 1104 2627 si
1131 2561 1266 2629 coheres

106 2665 233 2743 adierit,
255 2663 343 2751 quod
366 2662 567 2748 subintelligi
589 2661 704 2739 debet,
726 2662 913 2730 destitutum
936 2686 1003 2729 non
1027 2674 1075 2730 est
1092 2674 1267 2733 testamen-

8 2829 9 2840 ,
108 2779 194 2847 tom,
216 2776 250 2833 et
272 2764 455 2830 substitutio
478 2764 576 2830 ualet.

209 2865 256 2932 Et
282 2865 332 2931 his
362 2865 502 2952 peractis
530 2866 572 2931 ad
602 2864 735 2933 alteram
761 2866 952 2933 Masonem
986 2856 1269 2935 ratiocinationem

8 2997 9 3040 3
104 2969 336 3055 respiciamus,
356 2967 445 3033 unde
465 2990 549 3053 quae
568 2980 764 3053 sequantur,
788 2990 944 3055 expressa
964 2978 1039 3033 sunt
1057 2970 1098 3035 L.
1109 2972 1160 3037 42.
1182 2970 1247 3037 cit..

209 3071 296 3137 Nam
318 3070 347 3135 si
367 3069 511 3157 pupillus
532 3069 723 3136 abstinuerit
742 3071 783 3137 ab
808 3070 988 3137 hereditate
1008 3080 1161 3155 paterna,
1189 3072 1267 3137 sub·

106 3174 236 3239 stitutus
265 3186 373 3237 antem
400 3170 610 3236 immiscuerit
638 3192 711 3237 sese
737 3172 856 3259 pupilli
873 3170 1062 3248 hereditati,
1079 3171 1266 3265 lunave,

8 3317 9 3360 p
105 3276 183 3361 qaia
201 3295 304 3338 unum
325 3281 412 3339 esset
431 3281 659 3339 testamentum
678 3296 790 3339 rursus
818 3284 853 3339 ut
874 3274 1085 3361 iungerentur
1105 3268 1267 3340 heredita-

104 3388 152 3443 tes
180 3373 423 3463 postulauerat,
449 3371 671 3439 Mancnnnvs
700 3376 941 3461 separationem
972 3373 1069 3441 etiam
1095 3374 1267 3440 substituto

104 3478 267 3565 proficere
297 3475 470 3563 proponit,
499 3476 588 3561 quod
612 3476 724 3562 opinio
747 3477 805 3543 illa
825 3478 995 3564 impugnet
1018 3472 1186 3542 utilitatem
1205 3499 1268 3563 pu-

8 3587 9 3590 ’
104 3579 194 3667 pilli,
217 3576 275 3665 qui
295 3578 366 3665 ipse
387 3575 501 3643 saltem
520 3578 626 3663 possit
646 3577 767 3643 habere
797 3600 1029 3645 successorem.
1078 3579 1171 3665 Ergo
1193 3601 1269 3665 per-

8 3687 9 3692 ’
104 3704 207 3748 sonae
227 3677 347 3768 pupilli
377 3689 412 3745 ut
438 3678 580 3745 hominis
602 3679 654 3745 sui
673 3678 753 3745 iuris
777 3680 872 3745 ctiam
893 3688 969 3767 post
988 3688 1126 3747 mortem
1148 3702 1269 3747 consu·

104 3782 241 3849 lendum
274 3791 342 3859 est,
376 3779 651 3865 quemadmodum
687 3805 787 3868 supra
827 3781 1006 3849 accuratius
1046 3782 1268 3867 exposuimus.

105 3885 177 3949 lam
201 3905 284 3950 uero
311 3883 347 3947 in
376 3881 487 3949 uerbis
515 3882 608 3960 istis,
639 3906 724 3968 quae
753 3882 843 3949 addit
867 3884 1103 3949 Mnnonnnvs:
1145 3883 1269 3962 „Alio-

106 3985 217 4071 qnin“
242 3985 484 4071 acepsimam
501 4006 614 4051 rursus
642 3983 799 4051 habemus
822 3985 992 4070 aequitatis
1015 3985 1101 4053 illius
1123 3986 1270 4054 testimo-

105 4088 214 4165 nium,
258 4108 343 4171 quae
379 4085 414 4150 in
455 4087 553 4153 fratre
584 4086 755 4152 substituto
797 4085 1040 4153 obseruabatur.
1103 4089 1270 4156 Accedere

107 4187 197 4254 eninr
216 4186 281 4254 hoc
300 4210 380 4254 casu
398 4186 477 4255 dicit
495 4189 735 4266 Martanum,
763 4185 852 4273 quod
883 4187 981 4253 frater
1006 4199 1092 4256 certe
1124 4191 1163 4256 ab
1186 4191 1270 4257 inte·

108 4299 192 4355 stato
203 4287 416 4357 hereditatem
435 4288 541 4357 lratris
562 4290 730 4358 habiturus
750 4288 875 4369 luisset,
897 4298 928 4357 et
944 4288 1067 4377 duplex
1089 4290 1197 4377 itaque
1217 4290 1271 4359 hic
