3067 5117
1184 436 1225 503 tu

75 585 209 671 gauerit,
233 585 267 652 id
291 586 354 653 sub
374 586 561 654 conditione
576 583 811 673 principalibus
832 586 950 652 tabulis
968 588 1098 675 legasse
1117 584 1223 652 uideri

74 697 183 772 potest.
198 687 252 772 ¹⁸]
291 688 424 774 Itaque,
448 688 536 774 quod
556 687 661 775 primo
681 686 795 751 obtutu
816 688 956 773 probnm
976 688 1090 759 babcri
1109 687 1224 775 possit,

75 788 273 857 substitutum
294 789 399 876 primo
418 790 491 857 loeo
514 788 630 876 pupilli
650 787 777 874 legata,
798 799 956 874 quatenus
983 790 1038 856 ille
1065 789 1223 869 debuerit,

75 890 160 974 quasi
178 914 235 957 aes
257 892 428 978 quodlibet
447 892 588 957 alienum
608 901 792 977 praestare,
820 888 940 957 deinde
962 890 1030 957 suis
1058 890 1223 977 legatariis

74 988 234 1055 Falcidiae
256 989 417 1060 beneficio
436 992 656 1069 usumteneri,
678 990 789 1057 locum
801 990 994 1058 nonhabet:
1013 990 1090 1057 sed
1109 1013 1224 1059 mor·

75 1102 138 1153 tuo
159 1091 322 1177 pupillo
344 1094 537 1161 conditio
559 1093 797 1181 legatorum
819 1093 1033 1161 secundis
1056 1092 1223 1163 tabulis

76 1190 325 1262 relictorum
353 1197 584 1263 exstitisse
612 1205 802 1282 putatur,
829 1204 869 1260 et
901 1195 1041 1264 omnia
1073 1195 1224 1282 legata

72 1294 159 1378 pari
199 1295 294 1363 loco
337 1298 566 1377 habentur,
608 1296 964 1375 contribuuntur,
1004 1321 1084 1363 una
1126 1297 1223 1365 inde

73 1395 270 1465 Falcidia
290 1399 530 1468 deducitur.
572 1399 642 1464 lam
662 1420 741 1463 nero
765 1398 860 1475 inda,
881 1399 970 1484 quod
990 1410 1083 1486 pater
1105 1423 1125 1467 a
1145 1398 1225 1469 aub-

75 1499 181 1565 stituto
207 1500 268 1565 sub
290 1501 480 1569 conditione
503 1500 688 1583 relinquere
707 1497 854 1577 uidetur,
876 1501 1040 1587 seqnitur,
1061 1500 1152 1587 qnod
1173 1500 1225 1567 de

74 1622 143 1665 sno
165 1600 278 1689 legare
291 1614 440 1689 putatur,
455 1604 508 1689 ¹²]
530 1625 595 1689 quo
617 1600 697 1667 nihil
713 1600 802 1666 aliud
814 1598 1013 1690 exprimitur,
1037 1602 1102 1667 nisi
1114 1601 1226 1673 omnia

71 1700 176 1787 legata
196 1726 218 1767 a
235 1713 327 1790 patre
347 1704 492 1791 utrisque
512 1704 630 1771 tabulis
650 1702 764 1769 relicta
785 1702 826 1768 ad
849 1725 931 1780 earn,
959 1724 1057 1788 quam
1081 1704 1224 1789 relique·

71 1804 118 1881 rit,
139 1803 361 1884 substantiam,
384 1820 504 1893 quanta
521 1807 633 1875 mortis
656 1817 803 1891 tempore
822 1804 892 1882 tuit,
912 1803 1083 1872 referenda
1100 1829 1184 1873 esse.

171 1906 262 1973 Hinc
281 1930 381 1994 porro
404 1910 534 1975 euenire
557 1920 683 1996 potest,
706 1918 747 1993 ut
767 1915 890 1971 aucta
906 1904 1022 1971 intra
1049 1920 1222 1975 mortem

73 2008 258 2094 patriast
289 2009 515 2075 substituti
545 2010 778 2077 aditionem
807 2006 1048 2073 hereditate
1075 2009 1223 2076 Falci-

75 2108 164 2173 diae
189 2109 449 2177 beneficium
469 2112 752 2178 nihilominus
771 2108 1026 2175 substitutus
1053 2107 1224 2189 habeat,

76 2211 258 2294 quamuis
291 2214 394 2280 satis
423 2236 628 2301 superque
651 2211 791 2279 solida
810 2211 956 2297 legata
980 2235 1026 2277 ex
1053 2210 1224 2280 beredi-

76 2322 153 2377 tate
175 2313 225 2377 ad
253 2314 390 2401 ipsum
416 2314 701 2404 perueniantc
733 2313 853 2380 salua
879 2312 1075 2381 Falcidia
1100 2336 1224 2401 prae-

77 2424 181 2479 stare
211 2417 362 2501 possit.
410 2420 442 2485 Ε
470 2415 683 2485 contrario
709 2414 906 2482 diminuta
934 2416 1031 2484 uino
1058 2417 1224 2504 pupillo

78 2512 323 2597 hereditate,
346 2518 618 2605 quadrantem
651 2540 767 2583 suum
808 2539 996 2604 erogare,
1027 2516 1094 2583 uel
1121 2518 1225 2585 adeo

81 2617 276 2703 compelli
300 2630 454 2704 potest,
474 2631 516 2685 ut
535 2632 685 2687 temere
707 2618 823 2685 adita
842 2617 1078 2687 hereditate
1100 2642 1225 2708 usque

80 2716 122 2781 ad
151 2719 403 2787 dodrantem
433 2721 542 2800 eins,
594 2720 703 2807 quod
737 2732 857 2808 pater
896 2720 1139 2808 reliquerit,
1178 2720 1226 2788 de

80 2840 144 2883 ano
166 2819 306 2886 addar:
326 2821 390 2889 boc
411 2822 498 2890 enim
519 2846 597 2889 casu
617 2838 689 2889 non·
705 2821 790 2887 ultra
808 2821 896 2890 uires
915 2824 1114 2910 patrimonii,
1136 2822 1226 2909 qnod

81 2918 117 2985 de
135 2921 203 2989 iure
227 2922 316 2989 idem
336 2925 471 3005 mansit,
500 2925 560 2991 sed
580 2924 665 2991 ultra
686 2924 720 2991 id
740 2935 866 2991 tantum
893 2935 1058 3011 praestare
1088 2926 1227 3013 cogitur,

80 3022 162 3105 qnod
191 3022 234 3088 ad
256 3024 363 3112 ipsum
385 3027 544 3113 peruenit.

173 3126 219 3190 Et
239 3123 320 3193 baec
343 3130 457 3195 eadem
479 3128 703 3214 exprimuntur
721 3130 763 3195 L.
784 3130 836 3197 79.
859 3126 893 3193 b.
914 3139 958 3195 t:

152 3228 212 3303 „ln
238 3228 421 3315 duplicibus
444 3231 642 3297 testamentis
666 3232 736 3299 siue
755 3231 1005 3318 depatrimonio
1020 3254 1225 3318 quaeramus,

153 3352 193 3393 aa
213 3330 284 3397 sola
304 3331 484 3400 substantia
506 3343 685 3419 spectatur,
704 3357 803 3419 quam
821 3345 931 3421 pater,
961 3358 1061 3421 quum
1081 3356 1226 3401 morere·

155 3444 223 3511 tur,
246 3431 405 3511 habuerit,
432 3456 495 3500 nec
516 3433 559 3499 ad
577 3456 647 3499 rem
667 3434 827 3520 pertinet,
862 3435 891 3500 si
913 3449 989 3523 post
1008 3446 1147 3502 mortem
1166 3458 1226 3521 pa·

154 3537 209 3600 tris
230 3533 317 3599 lilius
336 3534 390 3602 uel
413 3534 598 3621 acquisierit
618 3536 743 3622 aliquid
771 3536 825 3603 uel
844 3535 1054 3605 deminuerit:
1083 3537 1153 3603 siue
1185 3537 1227 3604 de

154 3636 269 3726 legatis
289 3658 501 3723 quaeramus,
533 3647 676 3717 tamea,
705 3662 790 3724 quae
822 3638 857 3705 in
889 3639 1020 3726 primis,
1052 3661 1150 3725 quam
1178 3661 1228 3715 ea,

83 3861 274 3873 -2-

119 3998 162 4063 ¹⁸)
183 4002 256 4054 'rota
273 3998 341 4051 haec
359 3998 453 4063 regula
472 4012 505 4049 eo
520 4004 625 4051 tantam
715 3998 760 4065 Η)
778 4002 896 4053 Prorsus
919 4000 999 4050 alitor
1022 4000 1229 4053 Pronnranrvs

84 4090 152 4144 uires
170 4094 269 4145 habere
287 4092 391 4158 potnit,
416 4092 491 4157 quod
521 4098 626 4156 patrem
677 4110 703 4160 p.
725 4093 784 4158 37„
810 4094 857 4160 qui
873 4091 1103 4143 contributionern
1126 4094 1231 4156 legato·

83 4184 109 4233 in
131 4186 252 4251 pupillari
276 4184 469 4235 substitutione
495 4186 546 4237 sibi
574 4188 628 4253 ipsi
678 4200 737 4237 rum
754 4188 818 4238 inde
837 4186 948 4251 probari
971 4190 1063 4250 putat,
1086 4187 1161 4251 quod
1183 4201 1231 4251 pa-

84 4274 205 4329 tantan
216 4278 333 4330 seribere
344 4276 490 4344 putabant,
507 4279 536 4331 id
552 4282 627 4345 qnod
678 4286 722 4331 ter
742 4282 777 4331 de
797 4294 849 4331 ano
866 4280 947 4343 legat.

86 4380 163 4432 snpra
179 4377 221 4423 eat
242 4370 413 4435 explicatum.

1034 4455 1080 4522 2}
