3067 5117
505 1442 812 1523 PRAEFATIO.

177 1747 307 1871 Mirum
329 1804 496 1881 uideatur,
527 1800 605 1888 quid
628 1800 690 1878 sit,
723 1799 813 1887 quod
845 1820 929 1885 opus
957 1820 977 1863 a
1004 1807 1053 1864 tot
1078 1796 1240 1885 tantisque

94 1902 161 1967 uiris
180 1927 248 1971 non
271 1906 475 1973 doctissimis
503 1906 628 1983 solum,
656 1926 771 1970 uerum
797 1902 894 1968 etiam
925 1900 1102 1987 sagacitate
1129 1898 1239 1967 excel-

94 2002 269 2073 lentissimis
294 2008 394 2076 toties
416 2020 580 2075 uersatum
610 2028 717 2073 nouus
745 2026 851 2092 paene
882 2003 917 2068 in
946 2002 1037 2068 hisee
1064 2001 1179 2067 studiis
1209 2014 1242 2067 et

96 2127 194 2190 parum
224 2110 443 2188 exercitatus,
480 2132 592 2175 rursus
611 2106 749 2196 aggredi
777 2128 876 2173 ausus
897 2105 977 2183 sim,
1004 2103 1175 2181 nimirum,
1206 2116 1243 2169 nt

97 2210 364 2291 quemadmodum
392 2212 426 2277 in
454 2211 640 2299 duplicibus
677 2208 878 2275 testamentis
906 2206 981 2273 iniri
1010 2205 1129 2272 debeat
1158 2205 1241 2273 ratio

16 2342 17 2349 κ
98 2306 166 2395 legis
185 2312 379 2392 Falcidiae,
407 2312 556 2381 locorum
576 2312 641 2378 huo
661 2308 892 2399 pertinentium
919 2308 1068 2395 diligenti
1095 2307 1242 2375 instituta

99 2407 369 2500 interpretatione,
408 2414 631 2481 demonstrare
666 2412 887 2501 periclitarerr
933 2410 994 2477 sed
1023 2410 1088 2477 hoe
1122 2410 1241 2497 ipsum,

104 2516 172 2595 qnod
191 2518 250 2584 uix
271 2516 416 2595 fuerint,
434 2516 489 2603 qui
508 2516 594 2585 hanc
616 2516 695 2583 iuris
722 2512 866 2581 Romani
893 2524 1019 2599 partem
1049 2512 1242 2600 perscrutati

16 2616 17 2642 ³
106 2614 294 2686 denudem
314 2641 450 2706 prorsus
466 2619 565 2687 finem
593 2616 822 2707 peruenerint‚
847 2638 940 2702 spem
969 2613 1061 2693 lecit,
1088 2614 1177 2693 iore,
1206 2628 1243 2681 nt

103 2708 310 2788 controuersis
330 2744 443 2787 eorum
464 2721 632 2787 sententiis
655 2730 686 2785 et
706 2718 884 2785 enucleatis
906 2728 938 2784 et
958 2716 1042 2783 inter
1059 2738 1242 2803 accompa-

99 2820 178 2896 ratis,
198 2824 266 2889 nisi
290 2823 369 2889 noui
392 2822 470 2909 quid
495 2822 691 2901 attulissem,
714 2842 849 2907 operam
870 2830 979 2887 tamen
999 2842 1068 2887 non
1095 2818 1243 2885 funditus

98 2922 269 3003 perdidisse
292 2924 429 2991 viderer.

192 3042 272 3127 Qua
294 3042 329 3109 in
355 3065 391 3110 re
413 3065 518 3131 panea
547 3044 620 3110 uisa
662 3051 737 3108 sunt
779 3063 852 3109 esse
881 3042 1079 3129 praefanda,
1114 3043 1232 3129 quibus

102 3144 367 3225 quemadmodum
389 3144 690 3213 commentariolum
712 3144 839 3210 huncce
860 3144 1083 3222 instituissem,
1102 3144 1246 3212 breuiter

104 3264 309 3330 exponerem:
330 3246 411 3311 nihil
434 3247 521 3313 enim
538 3257 707 3333 tantopere
733 3246 890 3313 adiuuare
917 3247 1030 3334 putaui
1050 3246 1244 3334 interpreta-

103 3343 225 3426 tionem,
249 3372 347 3434 quam
370 3350 398 3413 si
419 3350 514 3415 certis
537 3348 659 3435 ubique
677 3350 771 3435 quasi
790 3349 913 3415 normis
925 3359 1021 3435 atque
1032 3348 1156 3437 regulis
1174 3361 1245 3417 ute·

106 3466 217 3526 rentur,
241 3474 322 3535 ques
344 3451 407 3515 nisi
428 3450 622 3538 grauissima
648 3462 820 3519 occurrant
848 3450 1097 3539 impedimenta,
1125 3462 1246 3518 temere

23 3571 27 3612 ¹.
106 3566 163 3614 non
183 3552 440 3620 destitueremus.

25 3651 29 3730 l
197 3671 241 3737 Et
262 3673 402 3758 primurn
413 3672 545 3759 quidem
555 3672 653 3739 ualde
665 3673 832 3761 displicuit
843 3673 1003 3739 sententia
1011 3674 1198 3741 Hvscfllm
1208 3678 1247 3763 ,”)

25 3739 34 4174 p
109 3769 156 3851 qui
175 3795 273 3859 quum
294 3773 401 3841 statim
418 3775 452 3839 in
473 3774 565 3841 initio
595 3776 820 3841 commentarii
853 3774 895 3840 de
915 3775 1033 3859 legatis
1052 3777 1087 3842 in
1107 3776 1249 3864 duplici-

110 3867 160 3937 bus
170 3875 366 3945 testamentis
383 3876 589 3965 praestandis
605 3876 740 3943 exhibiti
761 3876 995 3957 ,‚difficultate“
1018 3877 1154 3943 dixisset
1176 3876 1250 3956 „lo-

111 4056 295 4075 Ἢ-

25 4215 32 4250 χ,
141 4179 162 4245 ⁸)
178 4185 328 4252 Anterum,
353 4202 422 4253 quos
448 4186 477 4237 in
494 4186 546 4237 hac
571 4200 645 4235 com·
695 4186 768 4237 hunc
795 4186 918 4237 libellum
946 4184 1054 4235 adiecto
1085 4186 1252 4249 enumerasti,

24 4269 29 4332 l
113 4276 265 4330 mentatione
283 4279 377 4345 eitam,
422 4282 456 4330 de
484 4279 645 4345 quaestione
696 4292 777 4344 quem
805 4285 837 4329 nt
861 4279 1006 4345 inspiciant
1037 4291 1106 4338 rogo
1134 4276 1254 4327 lectores

113 4374 195 4423 nostra
209 4372 371 4438 scriptiones
384 4372 495 4439 proprio
508 4372 595 4424 indice
610 4372 645 4421 ad
694 4371 857 4424 beneuoloa.

1088 4452 1104 4517 l
