<?xml version="1.0" encoding="UTF-8"?>
<!DOCTYPE html PUBLIC "-//W3C//DTD XHTML 1.0 Transitional//EN"
    "http://www.w3.org/TR/xhtml1/DTD/xhtml1-transitional.dtd">
<html xmlns="http://www.w3.org/1999/xhtml" xml:lang="en" lang="en">
 <head>
  <title>
</title>
<meta http-equiv="Content-Type" content="text/html;charset=utf-8" />
  <meta name='ocr-system' content='tesseract 3.04.00' />
  <meta name='ocr-capabilities' content='ocr_page ocr_carea ocr_par ocr_line ocrx_word'/>
</head>
<body>
  <div class='ocr_page' id='page_1' title='image "./commentationesi00perngoog_0166.png"; bbox 0 0 3067 5117; ppageno 0'>
   <div class='ocr_carea' id='block_1_1' title="bbox 329 439 388 506">
    <p class='ocr_par' dir='ltr' id='par_1_1' title="bbox 329 439 388 506">
     <span class='ocr_line' id='line_1_1' title="bbox 329 439 388 506; baseline 0 0"><span class='ocrx_word' id='word_1_1' title='bbox 329 439 388 506; x_wconf 83' lang='grc'><strong>148</strong></span> 
     </span>
    </p>
   </div>
   <div class='ocr_carea' id='block_1_2' title="bbox 326 589 1516 1791">
    <p class='ocr_par' dir='ltr' id='par_1_2' title="bbox 326 589 1516 1791">
     <span class='ocr_line' id='line_1_2' title="bbox 326 589 1516 679; baseline -0.002 -22"><span class='ocrx_word' id='word_1_2' title='bbox 326 589 457 676; x_wconf 88' lang='lat' dir='ltr'><strong>publice</strong></span> <span class='ocrx_word' id='word_1_3' title='bbox 469 591 504 655; x_wconf 92' lang='lat' dir='ltr'><strong>in</strong></span> <span class='ocrx_word' id='word_1_4' title='bbox 518 590 726 659; x_wconf 86' lang='lat' dir='ltr'><strong>aedificantes</strong></span> <span class='ocrx_word' id='word_1_5' title='bbox 739 612 825 659; x_wconf 85' lang='lat' dir='ltr'><strong>esset</strong></span> <span class='ocrx_word' id='word_1_6' title='bbox 839 593 1111 671; x_wconf 85' lang='lat' dir='ltr'><strong>animaduersum,</strong></span> <span class='ocrx_word' id='word_1_7' title='bbox 1135 592 1249 679; x_wconf 91' lang='lat' dir='ltr'><strong>procul</strong></span> <span class='ocrx_word' id='word_1_8' title='bbox 1267 592 1362 659; x_wconf 91' lang='lat' dir='ltr'><strong>dubio</strong></span> <span class='ocrx_word' id='word_1_9' title='bbox 1377 592 1462 657; x_wconf 87' lang='lat' dir='ltr'><strong>inter·</strong></span> <span class='ocrx_word' id='word_1_10' title='bbox 1515 598 1516 649; x_wconf 74' lang='lat' dir='ltr'><strong>l</strong></span> 
     </span>
     <span class='ocr_line' id='line_1_3' title="bbox 328 692 1516 781; baseline 0 -24"><span class='ocrx_word' id='word_1_11' title='bbox 328 694 451 759; x_wconf 91' lang='lat' dir='ltr'><strong>dietum</strong></span> <span class='ocrx_word' id='word_1_12' title='bbox 464 692 518 758; x_wconf 92' lang='lat' dir='ltr'><strong>uel</strong></span> <span class='ocrx_word' id='word_1_13' title='bbox 534 694 617 758; x_wconf 87' lang='lat' dir='ltr'><strong>actio</strong></span> <span class='ocrx_word' id='word_1_14' title='bbox 633 694 790 777; x_wconf 82' lang='lat' dir='ltr'><strong>quaedam</strong></span> <span class='ocrx_word' id='word_1_15' title='bbox 807 696 975 781; x_wconf 86' lang='lat' dir='ltr'><strong>popularis</strong></span> <span class='ocrx_word' id='word_1_16' title='bbox 999 694 1039 760; x_wconf 94' lang='lat' dir='ltr'><strong>de</strong></span> <span class='ocrx_word' id='word_1_17' title='bbox 1048 694 1098 759; x_wconf 90' lang='lat' dir='ltr'><strong>his</strong></span> <span class='ocrx_word' id='word_1_18' title='bbox 1110 696 1208 759; x_wconf 88' lang='lat' dir='ltr'><strong>rebus</strong></span> <span class='ocrx_word' id='word_1_19' title='bbox 1217 693 1329 760; x_wconf 83' lang='lat' dir='ltr'><strong>fuisset</strong></span> <span class='ocrx_word' id='word_1_20' title='bbox 1341 694 1462 780; x_wconf 79' lang='lat' dir='ltr'><strong>prodita,</strong></span> <span class='ocrx_word' id='word_1_21' title='bbox 1515 702 1516 769; x_wconf 58' lang='grc' dir='ltr'>ἶ</span> 
     </span>
     <span class='ocr_line' id='line_1_4' title="bbox 329 794 1516 882; baseline -0.006 -22"><span class='ocrx_word' id='word_1_22' title='bbox 329 797 420 860; x_wconf 88' lang='lat' dir='ltr'><strong>cuius</strong></span> <span class='ocrx_word' id='word_1_23' title='bbox 430 794 546 859; x_wconf 90' lang='lat' dir='ltr'><strong>nullibi</strong></span> <span class='ocrx_word' id='word_1_24' title='bbox 554 796 837 881; x_wconf 81' lang='lat' dir='ltr'><strong>uestigiaexstant.</strong></span> <span class='ocrx_word' id='word_1_25' title='bbox 859 796 1249 882; x_wconf 89' lang='lat' dir='ltr'><strong>Nequeueromirandum</strong></span> <span class='ocrx_word' id='word_1_26' title='bbox 1268 807 1325 873; x_wconf 87' lang='lat' dir='ltr'><strong>est,</strong></span> <span class='ocrx_word' id='word_1_27' title='bbox 1345 796 1417 861; x_wconf 90' lang='lat' dir='ltr'><strong>haee</strong></span> <span class='ocrx_word' id='word_1_28' title='bbox 1431 796 1467 858; x_wconf 84' lang='lat' dir='ltr'><strong>ita</strong></span> <span class='ocrx_word' id='word_1_29' title='bbox 1515 812 1516 853; x_wconf 84' lang='lat'>1</span> 
     </span>
     <span class='ocr_line' id='line_1_5' title="bbox 328 896 1516 983; baseline -0.003 -22"><span class='ocrx_word' id='word_1_30' title='bbox 328 896 496 973; x_wconf 88' lang='lat' dir='ltr'><strong>euenisse,</strong></span> <span class='ocrx_word' id='word_1_31' title='bbox 526 919 625 981; x_wconf 89' lang='lat' dir='ltr'><strong>quum</strong></span> <span class='ocrx_word' id='word_1_32' title='bbox 649 898 750 963; x_wconf 92' lang='lat' dir='ltr'><strong>multa</strong></span> <span class='ocrx_word' id='word_1_33' title='bbox 771 899 971 975; x_wconf 85' lang='lat' dir='ltr'><strong>conferrent,</strong></span> <span class='ocrx_word' id='word_1_34' title='bbox 1006 920 1047 963; x_wconf 91' lang='lat' dir='ltr'><strong>ne</strong></span> <span class='ocrx_word' id='word_1_35' title='bbox 1068 897 1186 965; x_wconf 89' lang='lat' dir='ltr'><strong>modus</strong></span> <span class='ocrx_word' id='word_1_36' title='bbox 1211 898 1272 962; x_wconf 88' lang='lat' dir='ltr'><strong>iste</strong></span> <span class='ocrx_word' id='word_1_37' title='bbox 1295 897 1464 983; x_wconf 88' lang='lat' dir='ltr'><strong>praefinitus</strong></span> <span class='ocrx_word' id='word_1_38' title='bbox 1515 904 1516 983; x_wconf 48' lang='grc' dir='ltr'>ᾗ</span> 
     </span>
     <span class='ocr_line' id='line_1_6' title="bbox 327 996 1516 1086; baseline -0.003 -24"><span class='ocrx_word' id='word_1_39' title='bbox 327 1008 520 1075; x_wconf 87' lang='lat' dir='ltr'><strong>seruaretur,</strong></span> <span class='ocrx_word' id='word_1_40' title='bbox 542 998 625 1064; x_wconf 88' lang='lat' dir='ltr'><strong>adeo</strong></span> <span class='ocrx_word' id='word_1_41' title='bbox 648 1000 773 1065; x_wconf 84' lang='lat' dir='ltr'><strong>seruari</strong></span> <span class='ocrx_word' id='word_1_42' title='bbox 793 1012 905 1086; x_wconf 84' lang='lat' dir='ltr'><strong>posset</strong></span> <span class='ocrx_word' id='word_1_43' title='bbox 918 1004 979 1079; x_wconf 88' lang='lat'>²⁵).</span> <span class='ocrx_word' id='word_1_44' title='bbox 1020 1000 1134 1083; x_wconf 87' lang='lat' dir='ltr'><strong>Itaque</strong></span> <span class='ocrx_word' id='word_1_45' title='bbox 1156 1022 1254 1084; x_wconf 87' lang='lat' dir='ltr'><strong>quam</strong></span> <span class='ocrx_word' id='word_1_46' title='bbox 1272 997 1405 1062; x_wconf 84' lang='lat' dir='ltr'><strong>maxime</strong></span> <span class='ocrx_word' id='word_1_47' title='bbox 1424 996 1465 1058; x_wconf 88' lang='lat' dir='ltr'><strong>ui-</strong></span> <span class='ocrx_word' id='word_1_48' title='bbox 1515 1008 1516 1081; x_wconf 55' lang='lat' dir='ltr'><em>g</em></span> 
     </span>
     <span class='ocr_line' id='line_1_7' title="bbox 328 1096 1467 1187; baseline -0.004 -24"><span class='ocrx_word' id='word_1_49' title='bbox 328 1122 381 1165; x_wconf 86' lang='lat' dir='ltr'><strong>rea</strong></span> <span class='ocrx_word' id='word_1_50' title='bbox 401 1100 488 1185; x_wconf 82' lang='lat' dir='ltr'><strong>capit</strong></span> <span class='ocrx_word' id='word_1_51' title='bbox 508 1098 705 1177; x_wconf 86' lang='lat' dir='ltr'><strong>coniectura,</strong></span> <span class='ocrx_word' id='word_1_52' title='bbox 737 1101 825 1185; x_wconf 84' lang='lat' dir='ltr'><strong>ipsas</strong></span> <span class='ocrx_word' id='word_1_53' title='bbox 847 1101 919 1167; x_wconf 87' lang='lat' dir='ltr'><strong>illas</strong></span> <span class='ocrx_word' id='word_1_54' title='bbox 940 1102 1032 1187; x_wconf 84' lang='lat' dir='ltr'><strong>leges</strong></span> <span class='ocrx_word' id='word_1_55' title='bbox 1054 1100 1201 1187; x_wconf 86' lang='lat' dir='ltr'><strong>publicas</strong></span> <span class='ocrx_word' id='word_1_56' title='bbox 1220 1099 1254 1163; x_wconf 92' lang='lat' dir='ltr'><strong>in</strong></span> <span class='ocrx_word' id='word_1_57' title='bbox 1276 1096 1467 1164; x_wconf 89' lang='lat' dir='ltr'><strong>commodum</strong></span> 
     </span>
     <span class='ocr_line' id='line_1_8' title="bbox 329 1196 1468 1285; baseline -0.003 -22"><span class='ocrx_word' id='word_1_58' title='bbox 329 1200 434 1285; x_wconf 86' lang='lat' dir='ltr'><strong>magis</strong></span> <span class='ocrx_word' id='word_1_59' title='bbox 454 1200 674 1285; x_wconf 89' lang='lat' dir='ltr'><strong>priuatorum,</strong></span> <span class='ocrx_word' id='word_1_60' title='bbox 705 1223 803 1285; x_wconf 89' lang='lat' dir='ltr'><strong>quam</strong></span> <span class='ocrx_word' id='word_1_61' title='bbox 825 1201 962 1266; x_wconf 82' lang='lat' dir='ltr'><strong>ciuitatis</strong></span> <span class='ocrx_word' id='word_1_62' title='bbox 980 1202 1079 1267; x_wconf 84' lang='lat' dir='ltr'><strong>fuisse</strong></span> <span class='ocrx_word' id='word_1_63' title='bbox 1104 1200 1226 1278; x_wconf 83' lang='lat' dir='ltr'><strong>editas,</strong></span> <span class='ocrx_word' id='word_1_64' title='bbox 1258 1222 1342 1284; x_wconf 85' lang='lat' dir='ltr'><strong>quae</strong></span> <span class='ocrx_word' id='word_1_65' title='bbox 1371 1196 1468 1262; x_wconf 86' lang='lat' dir='ltr'><strong>conie-</strong></span> 
     </span>
     <span class='ocr_line' id='line_1_9' title="bbox 329 1300 1468 1388; baseline -0.003 -24"><span class='ocrx_word' id='word_1_66' title='bbox 329 1312 420 1365; x_wconf 87' lang='lat' dir='ltr'><strong>ctura</strong></span> <span class='ocrx_word' id='word_1_67' title='bbox 443 1323 486 1365; x_wconf 90' lang='lat' dir='ltr'><strong>eo</strong></span> <span class='ocrx_word' id='word_1_68' title='bbox 510 1301 715 1386; x_wconf 87' lang='lat' dir='ltr'><strong>potissimum</strong></span> <span class='ocrx_word' id='word_1_69' title='bbox 734 1303 896 1379; x_wconf 85' lang='lat' dir='ltr'><strong>firmatur,</strong></span> <span class='ocrx_word' id='word_1_70' title='bbox 938 1302 1026 1387; x_wconf 88' lang='lat' dir='ltr'><strong>quod</strong></span> <span class='ocrx_word' id='word_1_71' title='bbox 1047 1301 1321 1388; x_wconf 81' lang='lat' dir='ltr'><strong>quemadmodum</strong></span> <span class='ocrx_word' id='word_1_72' title='bbox 1342 1300 1402 1363; x_wconf 83' lang='lat' dir='ltr'><strong>iarn</strong></span> <span class='ocrx_word' id='word_1_73' title='bbox 1423 1320 1468 1361; x_wconf 86' lang='lat' dir='ltr'><strong>su·</strong></span> 
     </span>
     <span class='ocr_line' id='line_1_10' title="bbox 331 1398 1516 1490; baseline -0.005 -25"><span class='ocrx_word' id='word_1_74' title='bbox 331 1424 393 1487; x_wconf 91' lang='lat' dir='ltr'><strong>pra</strong></span> <span class='ocrx_word' id='word_1_75' title='bbox 413 1402 610 1481; x_wconf 86' lang='lat' dir='ltr'><strong>monuimus,</strong></span> <span class='ocrx_word' id='word_1_76' title='bbox 641 1404 825 1490; x_wconf 86' lang='lat' dir='ltr'><strong>exemplum</strong></span> <span class='ocrx_word' id='word_1_77' title='bbox 853 1402 992 1488; x_wconf 84' lang='lat' dir='ltr'><strong>legimus</strong></span> <span class='ocrx_word' id='word_1_78' title='bbox 1024 1403 1160 1481; x_wconf 87' lang='lat' dir='ltr'><strong>nullum,</strong></span> <span class='ocrx_word' id='word_1_79' title='bbox 1183 1403 1282 1477; x_wconf 86' lang='lat' dir='ltr'><strong>unde,</strong></span> <span class='ocrx_word' id='word_1_80' title='bbox 1314 1400 1367 1484; x_wconf 91' lang='lat' dir='ltr'><strong>qui</strong></span> <span class='ocrx_word' id='word_1_81' title='bbox 1387 1398 1469 1464; x_wconf 82' lang='lat' dir='ltr'><strong>altius</strong></span> <span class='ocrx_word' id='word_1_82' title='bbox 1515 1422 1516 1459; x_wconf 64' lang='grc' dir='ltr'>ι</span> 
     </span>
     <span class='ocr_line' id='line_1_11' title="bbox 332 1498 1470 1588; baseline -0.004 -21"><span class='ocrx_word' id='word_1_83' title='bbox 332 1502 429 1567; x_wconf 84' lang='lat' dir='ltr'><strong>aedes</strong></span> <span class='ocrx_word' id='word_1_84' title='bbox 462 1505 656 1581; x_wconf 84' lang='lat' dir='ltr'><strong>extruxerit,</strong></span> <span class='ocrx_word' id='word_1_85' title='bbox 679 1516 715 1569; x_wconf 88' lang='lat' dir='ltr'><strong>ut</strong></span> <span class='ocrx_word' id='word_1_86' title='bbox 745 1528 856 1569; x_wconf 84' lang='lat' dir='ltr'><strong>rursus</strong></span> <span class='ocrx_word' id='word_1_87' title='bbox 880 1504 1077 1588; x_wconf 83' lang='lat' dir='ltr'>deponeret,</span> <span class='ocrx_word' id='word_1_88' title='bbox 1112 1500 1242 1586; x_wconf 85' lang='lat' dir='ltr'><strong>publice</strong></span> <span class='ocrx_word' id='word_1_89' title='bbox 1264 1513 1407 1566; x_wconf 83' lang='lat' dir='ltr'><strong>eoactum</strong></span> <span class='ocrx_word' id='word_1_90' title='bbox 1426 1498 1470 1563; x_wconf 86' lang='lat' dir='ltr'><strong>uel</strong></span> 
     </span>
     <span class='ocr_line' id='line_1_12' title="bbox 329 1596 1516 1690; baseline -0.006 -23"><span class='ocrx_word' id='word_1_91' title='bbox 329 1626 438 1688; x_wconf 85' lang='lat' dir='ltr'><strong>poena</strong></span> <span class='ocrx_word' id='word_1_92' title='bbox 458 1604 608 1669; x_wconf 84' lang='lat' dir='ltr'><strong>affectum</strong></span> <span class='ocrx_word' id='word_1_93' title='bbox 631 1626 723 1682; x_wconf 86' lang='lat' dir='ltr'><strong>esse,</strong></span> <span class='ocrx_word' id='word_1_94' title='bbox 755 1603 887 1689; x_wconf 89' lang='lat' dir='ltr'><strong>probari</strong></span> <span class='ocrx_word' id='word_1_95' title='bbox 909 1603 1085 1690; x_wconf 79' lang='lat' dir='ltr'><strong>poaait²⁶].</strong></span> <span class='ocrx_word' id='word_1_96' title='bbox 1116 1600 1184 1667; x_wconf 84' lang='lat' dir='ltr'><strong>Sed</strong></span> <span class='ocrx_word' id='word_1_97' title='bbox 1205 1624 1319 1667; x_wconf 88' lang='lat' dir='ltr'><strong>uerum</strong></span> <span class='ocrx_word' id='word_1_98' title='bbox 1342 1624 1410 1665; x_wconf 88' lang='lat' dir='ltr'><strong>esse</strong></span> <span class='ocrx_word' id='word_1_99' title='bbox 1428 1598 1470 1662; x_wconf 92' lang='lat' dir='ltr'><strong>ui·</strong></span> <span class='ocrx_word' id='word_1_100' title='bbox 1515 1596 1516 1661; x_wconf 77' lang='lat'>3</span> 
     </span>
     <span class='ocr_line' id='line_1_13' title="bbox 329 1701 1516 1791; baseline -0.003 -24"><span class='ocrx_word' id='word_1_101' title='bbox 329 1706 461 1783; x_wconf 88' lang='lat' dir='ltr'><strong>deatur,</strong></span> <span class='ocrx_word' id='word_1_102' title='bbox 499 1706 589 1791; x_wconf 90' lang='lat' dir='ltr'><strong>quod</strong></span> <span class='ocrx_word' id='word_1_103' title='bbox 626 1705 720 1771; x_wconf 85' lang='lat' dir='ltr'><strong>affert</strong></span> <span class='ocrx_word' id='word_1_104' title='bbox 756 1708 1036 1780; x_wconf 74' lang='lat' dir='ltr'><strong>Vnueeuovws,</strong></span> <span class='ocrx_word' id='word_1_105' title='bbox 1069 1701 1213 1767; x_wconf 85' lang='lat' dir='ltr'><strong>funditus</strong></span> <span class='ocrx_word' id='word_1_106' title='bbox 1244 1726 1313 1768; x_wconf 89' lang='lat' dir='ltr'><strong>non</strong></span> <span class='ocrx_word' id='word_1_107' title='bbox 1345 1702 1471 1777; x_wconf 86' lang='lat' dir='ltr'><strong>differre,</strong></span> <span class='ocrx_word' id='word_1_108' title='bbox 1515 1710 1516 1779; x_wconf 62' lang='lat' dir='ltr'><strong>i</strong></span> 
     </span>
    </p>
   </div>
   <div class='ocr_carea' id='block_1_3' title="bbox 326 2008 1516 2885">
    <p class='ocr_par' dir='ltr' id='par_1_3' title="bbox 364 1980 1516 2359">
     <span class='ocr_line' id='line_1_14' title="bbox 364 2008 1469 2073; baseline -0.009 -11"><span class='ocrx_word' id='word_1_109' title='bbox 364 2012 529 2064; x_wconf 70' lang='lat' dir='ltr'><strong>Satrianus</strong></span> <span class='ocrx_word' id='word_1_110' title='bbox 548 2014 610 2062; x_wconf 86' lang='lat' dir='ltr'><strong>adu.</strong></span> <span class='ocrx_word' id='word_1_111' title='bbox 627 2012 721 2062; x_wconf 78' lang='lat' dir='ltr'><strong>auarit.</strong></span> <span class='ocrx_word' id='word_1_112' title='bbox 740 2013 763 2062; x_wconf 92' lang='lat' dir='ltr'><strong>I.</strong></span> <span class='ocrx_word' id='word_1_113' title='bbox 783 2012 827 2061; x_wconf 87' lang='lat' dir='ltr'><strong>l.:</strong></span> <span class='ocrx_word' id='word_1_114' title='bbox 930 2011 1019 2073; x_wconf 88' lang='lat' dir='ltr'><strong>Quem</strong></span> <span class='ocrx_word' id='word_1_115' title='bbox 1040 2010 1132 2059; x_wconf 88' lang='lat' dir='ltr'><strong>locum</strong></span> <span class='ocrx_word' id='word_1_116' title='bbox 1153 2024 1297 2073; x_wconf 86' lang='lat' dir='ltr'><strong>perperam</strong></span> <span class='ocrx_word' id='word_1_117' title='bbox 1316 2024 1332 2059; x_wconf 89' lang='lat' dir='ltr'><strong>a</strong></span> <span class='ocrx_word' id='word_1_118' title='bbox 1350 2008 1469 2073; x_wconf 83' lang='lat' dir='ltr'><strong>plerisque</strong></span> 
     </span>
     <span class='ocr_line' id='line_1_15' title="bbox 398 2100 1469 2167; baseline -0.009 -12"><span class='ocrx_word' id='word_1_119' title='bbox 398 2103 511 2167; x_wconf 85' lang='lat' dir='ltr'><strong>„Supra</strong></span> <span class='ocrx_word' id='word_1_120' title='bbox 542 2104 677 2153; x_wconf 88' lang='lat' dir='ltr'><strong>humanos</strong></span> <span class='ocrx_word' id='word_1_121' title='bbox 701 2104 777 2153; x_wconf 72' lang='lat' dir='ltr'><strong>risus</strong></span> <span class='ocrx_word' id='word_1_122' title='bbox 809 2106 879 2153; x_wconf 82' lang='lat' dir='ltr'><strong>elata</strong></span> <span class='ocrx_word' id='word_1_123' title='bbox 929 2102 1000 2151; x_wconf 87' lang='lat' dir='ltr'><strong>inter</strong></span> <span class='ocrx_word' id='word_1_124' title='bbox 1019 2115 1067 2148; x_wconf 89' lang='lat' dir='ltr'><strong>eos</strong></span> <span class='ocrx_word' id='word_1_125' title='bbox 1086 2100 1168 2149; x_wconf 87' lang='lat' dir='ltr'><strong>uideo</strong></span> <span class='ocrx_word' id='word_1_126' title='bbox 1190 2109 1388 2163; x_wconf 84' lang='lat' dir='ltr'><strong>enumeratum,</strong></span> <span class='ocrx_word' id='word_1_127' title='bbox 1411 2114 1469 2163; x_wconf 82' lang='lat' dir='ltr'><strong>quos</strong></span> 
     </span>
     <span class='ocr_line' id='line_1_16' title="bbox 399 2190 1470 2256; baseline -0.004 -14"><span class='ocrx_word' id='word_1_128' title='bbox 399 2195 516 2244; x_wconf 87' lang='lat' dir='ltr'><strong>culmina</strong></span> <span class='ocrx_word' id='word_1_129' title='bbox 550 2222 586 2231; x_wconf 90' lang='lat'>-</span> <span class='ocrx_word' id='word_1_130' title='bbox 618 2197 721 2245; x_wconf 84' lang='lat' dir='ltr'><strong>inserta</strong></span> <span class='ocrx_word' id='word_1_131' title='bbox 763 2196 879 2245; x_wconf 81' lang='lat' dir='ltr'><strong>nubibus</strong></span> <span class='ocrx_word' id='word_1_132' title='bbox 931 2190 1008 2246; x_wconf 62' lang='lat' dir='ltr'><strong>ull.</strong></span> <span class='ocrx_word' id='word_1_133' title='bbox 1026 2192 1135 2255; x_wconf 86' lang='lat' dir='ltr'><strong>protuli.</strong></span> <span class='ocrx_word' id='word_1_134' title='bbox 1153 2192 1470 2256; x_wconf 86' lang='lat' dir='ltr'><strong>Atucropraeterniden·</strong></span> 
     </span>
     <span class='ocr_line' id='line_1_17' title="bbox 399 2283 1516 2359; baseline -0.006 -24"><span class='ocrx_word' id='word_1_135' title='bbox 399 2287 474 2335; x_wconf 67' lang='lat' dir='ltr'><strong>aerio</strong></span> <span class='ocrx_word' id='word_1_136' title='bbox 494 2288 644 2337; x_wconf 88' lang='lat' dir='ltr'><strong>habitatore</strong></span> <span class='ocrx_word' id='word_1_137' title='bbox 663 2285 797 2347; x_wconf 76' lang='lat' dir='ltr'><strong>fastigia.“</strong></span> <span class='ocrx_word' id='word_1_138' title='bbox 931 2287 994 2334; x_wconf 88' lang='lat' dir='ltr'><strong>dum</strong></span> <span class='ocrx_word' id='word_1_139' title='bbox 1022 2301 1079 2335; x_wconf 90' lang='lat' dir='ltr'><strong>non</strong></span> <span class='ocrx_word' id='word_1_140' title='bbox 1112 2290 1170 2346; x_wconf 86' lang='lat' dir='ltr'><strong>est,</strong></span> <span class='ocrx_word' id='word_1_141' title='bbox 1206 2286 1280 2347; x_wconf 87' lang='lat' dir='ltr'><strong>quod</strong></span> <span class='ocrx_word' id='word_1_142' title='bbox 1312 2287 1343 2335; x_wconf 87' lang='lat' dir='ltr'><strong>L.</strong></span> <span class='ocrx_word' id='word_1_143' title='bbox 1374 2283 1470 2334; x_wconf 81' lang='lat' dir='ltr'><strong>Cassius</strong></span> <span class='ocrx_word' id='word_1_144' title='bbox 1515 2324 1516 2359; x_wconf 33' lang='grc' dir='ltr'><strong>ἱ</strong></span> 
     </span>
    </p>

    <p class='ocr_par' dir='ltr' id='par_1_4' title="bbox 326 2364 1516 2885">
     <span class='ocr_line' id='line_1_18' title="bbox 328 2374 1470 2441; baseline -0.007 -13"><span class='ocrx_word' id='word_1_145' title='bbox 328 2378 409 2428; x_wconf 86' lang='lat' dir='ltr'>Adde</span> <span class='ocrx_word' id='word_1_146' title='bbox 426 2379 552 2429; x_wconf 79' lang='lat' dir='ltr'><strong>Pmmvu</strong></span> <span class='ocrx_word' id='word_1_147' title='bbox 570 2379 602 2428; x_wconf 84' lang='lat' dir='ltr'><strong>N.</strong></span> <span class='ocrx_word' id='word_1_148' title='bbox 619 2381 653 2427; x_wconf 90' lang='lat' dir='ltr'><strong>H.</strong></span> <span class='ocrx_word' id='word_1_149' title='bbox 673 2380 728 2440; x_wconf 67' lang='lat'><strong>111,</strong></span> <span class='ocrx_word' id='word_1_150' title='bbox 752 2379 786 2441; x_wconf 83' lang='grc'><strong>1.,</strong></span> <span class='ocrx_word' id='word_1_151' title='bbox 809 2378 879 2428; x_wconf 77' lang='lat' dir='ltr'><strong>San·</strong></span> <span class='ocrx_word' id='word_1_152' title='bbox 929 2374 1348 2439; x_wconf 72' lang='lat' dir='ltr'><strong>(LonginuaRauillulcensor</strong></span> <span class='ocrx_word' id='word_1_153' title='bbox 1366 2378 1470 2437; x_wconf 71' lang='lat' dir='ltr'><strong>eratde-</strong></span> 
     </span>
     <span class='ocr_line' id='line_1_19' title="bbox 327 2460 1516 2534; baseline -0.005 -16"><span class='ocrx_word' id='word_1_154' title='bbox 327 2472 559 2521; x_wconf 64' lang='lat' dir='ltr'><strong>sasprando.</strong></span> <span class='ocrx_word' id='word_1_155' title='bbox 576 2470 625 2534; x_wconf 67' lang='lat'><strong>¹2„</strong></span> <span class='ocrx_word' id='word_1_156' title='bbox 645 2471 819 2521; x_wconf 80' lang='lat' dir='ltr'><strong>Ivvnuanen</strong></span> <span class='ocrx_word' id='word_1_157' title='bbox 831 2470 881 2531; x_wconf 88' lang='lat' dir='ltr'><strong>VI,</strong></span> <span class='ocrx_word' id='word_1_158' title='bbox 930 2469 1002 2530; x_wconf 86' lang='lat' dir='ltr'><strong>inde,</strong></span> <span class='ocrx_word' id='word_1_159' title='bbox 1023 2468 1097 2530; x_wconf 89' lang='lat' dir='ltr'><strong>quod</strong></span> <span class='ocrx_word' id='word_1_160' title='bbox 1116 2483 1173 2517; x_wconf 84' lang='lat' dir='ltr'><strong>nun</strong></span> <span class='ocrx_word' id='word_1_161' title='bbox 1191 2473 1246 2517; x_wconf 85' lang='lat' dir='ltr'><strong>tam</strong></span> <span class='ocrx_word' id='word_1_162' title='bbox 1263 2474 1377 2531; x_wconf 85' lang='lat' dir='ltr'><strong>propter</strong></span> <span class='ocrx_word' id='word_1_163' title='bbox 1395 2466 1471 2515; x_wconf 88' lang='lat' dir='ltr'><strong>altitu·</strong></span> <span class='ocrx_word' id='word_1_164' title='bbox 1515 2460 1516 2471; x_wconf 58' lang='lat'>¹</span> 
     </span>
     <span class='ocr_line' id='line_1_20' title="bbox 328 2542 1516 2623; baseline -0.004 -14"><span class='ocrx_word' id='word_1_165' title='bbox 328 2558 385 2622; x_wconf 73' lang='grc'><strong>31,</strong></span> <span class='ocrx_word' id='word_1_166' title='bbox 413 2561 582 2612; x_wconf 73' lang='lat' dir='ltr'><strong>Vinavmvrs</strong></span> <span class='ocrx_word' id='word_1_167' title='bbox 612 2563 649 2613; x_wconf 91' lang='grc' dir='ltr'><strong>ΙΙ.</strong></span> <span class='ocrx_word' id='word_1_168' title='bbox 689 2562 715 2611; x_wconf 88' lang='grc'><strong>8.</strong></span> <span class='ocrx_word' id='word_1_169' title='bbox 752 2561 793 2623; x_wconf 86' lang='lat' dir='ltr'><strong>(in</strong></span> <span class='ocrx_word' id='word_1_170' title='bbox 819 2562 881 2610; x_wconf 88' lang='lat' dir='ltr'><strong>edit.</strong></span> <span class='ocrx_word' id='word_1_171' title='bbox 933 2560 1022 2609; x_wconf 89' lang='lat' dir='ltr'><strong>dinem</strong></span> <span class='ocrx_word' id='word_1_172' title='bbox 1046 2560 1137 2620; x_wconf 87' lang='lat' dir='ltr'><strong>uillae,</strong></span> <span class='ocrx_word' id='word_1_173' title='bbox 1162 2574 1242 2621; x_wconf 88' lang='lat' dir='ltr'><strong>quam</strong></span> <span class='ocrx_word' id='word_1_174' title='bbox 1266 2566 1380 2623; x_wconf 86' lang='lat' dir='ltr'><strong>propter</strong></span> <span class='ocrx_word' id='word_1_175' title='bbox 1407 2572 1471 2606; x_wconf 89' lang='lat' dir='ltr'><strong>esus·</strong></span> <span class='ocrx_word' id='word_1_176' title='bbox 1515 2542 1516 2593; x_wconf 77' lang='lat' dir='ltr'><strong>j</strong></span> 
     </span>
     <span class='ocr_line' id='line_1_21' title="bbox 326 2650 1516 2718; baseline -0.004 -17"><span class='ocrx_word' id='word_1_177' title='bbox 326 2652 445 2715; x_wconf 86' lang='lat' dir='ltr'><strong>Bipont..</strong></span> <span class='ocrx_word' id='word_1_178' title='bbox 464 2654 590 2718; x_wconf 86' lang='lat' dir='ltr'>Plerique</span> <span class='ocrx_word' id='word_1_179' title='bbox 610 2653 694 2701; x_wconf 85' lang='lat' dir='ltr'><strong>citant</strong></span> <span class='ocrx_word' id='word_1_180' title='bbox 713 2650 788 2715; x_wconf 75' lang='lat' dir='ltr'><strong>c.9.).</strong></span> <span class='ocrx_word' id='word_1_181' title='bbox 932 2654 1069 2715; x_wconf 84' lang='lat' dir='ltr'><strong>semeias,</strong></span> <span class='ocrx_word' id='word_1_182' title='bbox 1089 2653 1185 2701; x_wconf 87' lang='lat' dir='ltr'><strong>luxum</strong></span> <span class='ocrx_word' id='word_1_183' title='bbox 1199 2650 1268 2712; x_wconf 87' lang='lat' dir='ltr'><strong>dico,</strong></span> <span class='ocrx_word' id='word_1_184' title='bbox 1286 2652 1358 2701; x_wconf 86' lang='lat' dir='ltr'><strong>hane</strong></span> <span class='ocrx_word' id='word_1_185' title='bbox 1369 2664 1472 2715; x_wconf 86' lang='lat' dir='ltr'><strong>poenam</strong></span> <span class='ocrx_word' id='word_1_186' title='bbox 1515 2666 1516 2691; x_wconf 71' lang='lat'>1</span> 
     </span>
     <span class='ocr_line' id='line_1_22' title="bbox 365 2742 1472 2807; baseline -0.006 -13"><span class='ocrx_word' id='word_1_187' title='bbox 365 2743 410 2807; x_wconf 79' lang='lat'><strong>²⁵)</strong></span> <span class='ocrx_word' id='word_1_188' title='bbox 447 2747 509 2794; x_wconf 87' lang='lat' dir='ltr'><strong>Huc</strong></span> <span class='ocrx_word' id='word_1_189' title='bbox 552 2744 616 2793; x_wconf 80' lang='lat' dir='ltr'><strong>facit</strong></span> <span class='ocrx_word' id='word_1_190' title='bbox 641 2744 805 2793; x_wconf 76' lang='lat' dir='ltr'><strong>Vranvvrvs</strong></span> <span class='ocrx_word' id='word_1_191' title='bbox 843 2744 880 2795; x_wconf 89' lang='lat'><strong>11.</strong></span> <span class='ocrx_word' id='word_1_192' title='bbox 931 2757 993 2791; x_wconf 86' lang='lat' dir='ltr'><strong>esse</strong></span> <span class='ocrx_word' id='word_1_193' title='bbox 1011 2742 1138 2793; x_wconf 85' lang='lat' dir='ltr'><strong>inflictam</strong></span> <span class='ocrx_word' id='word_1_194' title='bbox 1148 2744 1299 2805; x_wconf 86' lang='lat' dir='ltr'><strong>putandum</strong></span> <span class='ocrx_word' id='word_1_195' title='bbox 1320 2751 1368 2793; x_wconf 90' lang='lat' dir='ltr'><strong>est.</strong></span> <span class='ocrx_word' id='word_1_196' title='bbox 1404 2742 1472 2792; x_wconf 85' lang='lat' dir='ltr'><strong>Cuius</strong></span> 
     </span>
     <span class='ocr_line' id='line_1_23' title="bbox 328 2812 1516 2885; baseline -0.006 -1"><span class='ocrx_word' id='word_1_197' title='bbox 328 2834 367 2885; x_wconf 89' lang='lat'><strong>8.:</strong></span> <span class='ocrx_word' id='word_1_198' title='bbox 930 2834 970 2882; x_wconf 91' lang='lat' dir='ltr'><strong>rei</strong></span> <span class='ocrx_word' id='word_1_199' title='bbox 988 2834 1065 2883; x_wconf 87' lang='lat' dir='ltr'><strong>testis</strong></span> <span class='ocrx_word' id='word_1_200' title='bbox 1080 2841 1122 2883; x_wconf 85' lang='lat' dir='ltr'><strong>est</strong></span> <span class='ocrx_word' id='word_1_201' title='bbox 1136 2835 1282 2884; x_wconf 78' lang='lat' dir='ltr'><strong>Vununrvs</strong></span> <span class='ocrx_word' id='word_1_202' title='bbox 1293 2835 1472 2884; x_wconf 80' lang='lat' dir='ltr'><strong>Pannnevnvs</strong></span> <span class='ocrx_word' id='word_1_203' title='bbox 1515 2812 1516 2877; x_wconf 75' lang='lat' dir='ltr'><strong>i</strong></span> 
     </span>
    </p>
   </div>
   <div class='ocr_carea' id='block_1_4' title="bbox 396 2924 1473 3264">
    <p class='ocr_par' dir='ltr' id='par_1_5' title="bbox 396 2924 1473 3081">
     <span class='ocr_line' id='line_1_24' title="bbox 397 2924 1473 2991; baseline -0.006 -14"><span class='ocrx_word' id='word_1_204' title='bbox 397 2928 496 2990; x_wconf 77' lang='lat' dir='ltr'><strong>‚‚llrgo,</strong></span> <span class='ocrx_word' id='word_1_205' title='bbox 516 2927 797 2991; x_wconf 87' lang='lat' dir='ltr'><strong>quumreeiperenon</strong></span> <span class='ocrx_word' id='word_1_206' title='bbox 816 2942 881 2989; x_wconf 91' lang='lat' dir='ltr'><strong>pos·</strong></span> <span class='ocrx_word' id='word_1_207' title='bbox 930 2924 1039 2989; x_wconf 87' lang='lat'>11.10.,</span> <span class='ocrx_word' id='word_1_208' title='bbox 1062 2928 1135 2989; x_wconf 89' lang='lat' dir='ltr'><strong>apud</strong></span> <span class='ocrx_word' id='word_1_209' title='bbox 1165 2940 1246 2991; x_wconf 90' lang='lat' dir='ltr'><strong>quem</strong></span> <span class='ocrx_word' id='word_1_210' title='bbox 1274 2926 1404 2989; x_wconf 84' lang='lat' dir='ltr'><strong>legimus,</strong></span> <span class='ocrx_word' id='word_1_211' title='bbox 1436 2927 1473 2972; x_wconf 90' lang='lat' dir='ltr'><strong>da-</strong></span> 
     </span>
     <span class='ocr_line' id='line_1_25' title="bbox 396 3017 1312 3081; baseline -0.002 -14"><span class='ocrx_word' id='word_1_212' title='bbox 396 3024 439 3067; x_wconf 85' lang='lat' dir='ltr'><strong>set</strong></span> <span class='ocrx_word' id='word_1_213' title='bbox 458 3034 522 3068; x_wconf 86' lang='lat' dir='ltr'><strong>area</strong></span> <span class='ocrx_word' id='word_1_214' title='bbox 540 3020 621 3081; x_wconf 87' lang='lat' dir='ltr'><strong>plana</strong></span> <span class='ocrx_word' id='word_1_215' title='bbox 638 3024 741 3067; x_wconf 82' lang='lat' dir='ltr'><strong>tantam</strong></span> <span class='ocrx_word' id='word_1_216' title='bbox 760 3020 879 3069; x_wconf 85' lang='lat' dir='ltr'><strong>multitu·</strong></span> <span class='ocrx_word' id='word_1_217' title='bbox 929 3024 1049 3069; x_wconf 89' lang='lat' dir='ltr'><strong>mnatum</strong></span> <span class='ocrx_word' id='word_1_218' title='bbox 1068 3032 1129 3067; x_wconf 87' lang='lat' dir='ltr'><strong>esse</strong></span> <span class='ocrx_word' id='word_1_219' title='bbox 1151 3017 1312 3067; x_wconf 88' lang='lat' dir='ltr'><strong>Aemilium:</strong></span> 
     </span>
    </p>

    <p class='ocr_par' dir='ltr' id='par_1_6' title="bbox 396 3108 1473 3264">
     <span class='ocr_line' id='line_1_26' title="bbox 396 3108 1473 3174; baseline -0.006 -15"><span class='ocrx_word' id='word_1_220' title='bbox 396 3111 487 3161; x_wconf 90' lang='lat' dir='ltr'><strong>dinem</strong></span> <span class='ocrx_word' id='word_1_221' title='bbox 505 3113 540 3160; x_wconf 88' lang='lat' dir='ltr'><strong>ad</strong></span> <span class='ocrx_word' id='word_1_222' title='bbox 558 3111 733 3159; x_wconf 86' lang='lat' dir='ltr'><strong>habitandum</strong></span> <span class='ocrx_word' id='word_1_223' title='bbox 757 3111 786 3160; x_wconf 93' lang='lat' dir='ltr'><strong>in</strong></span> <span class='ocrx_word' id='word_1_224' title='bbox 804 3112 880 3174; x_wconf 86' lang='lat' dir='ltr'><strong>urbe,</strong></span> <span class='ocrx_word' id='word_1_225' title='bbox 1000 3112 1093 3174; x_wconf 84' lang='lat' dir='ltr'><strong>„quod</strong></span> <span class='ocrx_word' id='word_1_226' title='bbox 1111 3124 1162 3158; x_wconf 88' lang='lat' dir='ltr'><strong>sex</strong></span> <span class='ocrx_word' id='word_1_227' title='bbox 1182 3108 1301 3158; x_wconf 84' lang='lat' dir='ltr'><strong>millibus</strong></span> <span class='ocrx_word' id='word_1_228' title='bbox 1314 3110 1371 3159; x_wconf 88' lang='lat' dir='ltr'><strong>HS.</strong></span> <span class='ocrx_word' id='word_1_229' title='bbox 1390 3109 1473 3157; x_wconf 84' lang='lat' dir='ltr'><strong>aeden</strong></span> 
     </span>
     <span class='ocr_line' id='line_1_27' title="bbox 396 3200 1204 3264; baseline 0 -13"><span class='ocrx_word' id='word_1_230' title='bbox 396 3205 431 3251; x_wconf 88' lang='lat' dir='ltr'><strong>ad</strong></span> <span class='ocrx_word' id='word_1_231' title='bbox 457 3204 587 3252; x_wconf 85' lang='lat' dir='ltr'><strong>auxilium</strong></span> <span class='ocrx_word' id='word_1_232' title='bbox 611 3203 760 3251; x_wconf 82' lang='lat' dir='ltr'><strong>altitudinis</strong></span> <span class='ocrx_word' id='word_1_233' title='bbox 787 3204 879 3251; x_wconf 88' lang='lat' dir='ltr'><strong>aedifi·</strong></span> <span class='ocrx_word' id='word_1_234' title='bbox 1000 3200 1204 3264; x_wconf 83' lang='lat' dir='ltr'><strong>conduxisset‚“</strong></span> 
     </span>
    </p>
   </div>
   <div class='ocr_carea' id='block_1_5' title="bbox 397 3276 1516 3357">
    <p class='ocr_par' dir='ltr' id='par_1_7' title="bbox 397 3276 1516 3357">
     <span class='ocr_line' id='line_1_28' title="bbox 397 3276 1516 3357; baseline -0.008 -16"><span class='ocrx_word' id='word_1_235' title='bbox 397 3294 880 3357; x_wconf 83' lang='lat' dir='ltr'><strong>ciorumresipsaeoegitdenenire.“</strong></span> <span class='ocrx_word' id='word_1_236' title='bbox 934 3307 969 3341; x_wconf 81' lang='lat' dir='ltr'><strong>ex</strong></span> <span class='ocrx_word' id='word_1_237' title='bbox 983 3307 1037 3357; x_wconf 83' lang='lat' dir='ltr'><strong>qus</strong></span> <span class='ocrx_word' id='word_1_238' title='bbox 1055 3276 1196 3356; x_wconf 72' lang='lat' dir='ltr'><strong>utriusque</strong></span> <span class='ocrx_word' id='word_1_239' title='bbox 1226 3290 1281 3341; x_wconf 89' lang='lat' dir='ltr'><strong>loci</strong></span> <span class='ocrx_word' id='word_1_240' title='bbox 1309 3287 1476 3353; x_wconf 81' lang='lat' dir='ltr'><strong>discrepantia</strong></span> <span class='ocrx_word' id='word_1_241' title='bbox 1515 3306 1516 3351; x_wconf 51' lang='lat' dir='ltr'><strong>p</strong></span> 
     </span>
    </p>
   </div>
   <div class='ocr_carea' id='block_1_6' title="bbox 289 3373 1475 3815">
    <p class='ocr_par' dir='ltr' id='par_1_8' title="bbox 289 3373 1475 3815">
     <span class='ocr_line' id='line_1_29' title="bbox 289 3373 1475 3449; baseline -0.006 -15"><span class='ocrx_word' id='word_1_242' title='bbox 289 3373 291 3377; x_wconf 56' lang='grc'>’</span> <span class='ocrx_word' id='word_1_243' title='bbox 327 3384 368 3434; x_wconf 87' lang='lat' dir='ltr'><strong>Cf.</strong></span> <span class='ocrx_word' id='word_1_244' title='bbox 397 3384 477 3433; x_wconf 82' lang='lat' dir='ltr'><strong>etiam</strong></span> <span class='ocrx_word' id='word_1_245' title='bbox 501 3388 632 3436; x_wconf 79' lang='lat' dir='ltr'><strong>Tacrrvs</strong></span> <span class='ocrx_word' id='word_1_246' title='bbox 657 3385 731 3434; x_wconf 88' lang='lat' dir='ltr'><strong>Ann.</strong></span> <span class='ocrx_word' id='word_1_247' title='bbox 753 3386 813 3435; x_wconf 88' lang='lat' dir='ltr'><strong>XV.</strong></span> <span class='ocrx_word' id='word_1_248' title='bbox 837 3383 879 3435; x_wconf 79' lang='lat'><strong>43.</strong></span> <span class='ocrx_word' id='word_1_249' title='bbox 932 3385 1010 3435; x_wconf 85' lang='lat' dir='ltr'><strong>facile</strong></span> <span class='ocrx_word' id='word_1_250' title='bbox 1029 3385 1417 3449; x_wconf 80' lang='lat' dir='ltr'><strong>quisargumentadepromat‚</strong></span> <span class='ocrx_word' id='word_1_251' title='bbox 1437 3392 1475 3427; x_wconf 89' lang='lat' dir='ltr'><strong>eur</strong></span> 
     </span>
     <span class='ocr_line' id='line_1_30' title="bbox 325 3476 1475 3539; baseline -0.005 -14"><span class='ocrx_word' id='word_1_252' title='bbox 325 3478 342 3525; x_wconf 87' lang='lat' dir='ltr'><strong>i.</strong></span> <span class='ocrx_word' id='word_1_253' title='bbox 359 3476 387 3525; x_wconf 82' lang='lat' dir='ltr'><strong>f..</strong></span> <span class='ocrx_word' id='word_1_254' title='bbox 431 3476 537 3539; x_wconf 88' lang='lat' dir='ltr'><strong>Optime</strong></span> <span class='ocrx_word' id='word_1_255' title='bbox 561 3491 628 3525; x_wconf 85' lang='lat' dir='ltr'><strong>uero</strong></span> <span class='ocrx_word' id='word_1_256' title='bbox 653 3478 723 3525; x_wconf 88' lang='lat' dir='ltr'><strong>hanc</strong></span> <span class='ocrx_word' id='word_1_257' title='bbox 746 3477 833 3539; x_wconf 88' lang='lat' dir='ltr'><strong>ipsam</strong></span> <span class='ocrx_word' id='word_1_258' title='bbox 851 3478 879 3527; x_wconf 90' lang='lat' dir='ltr'><strong>in</strong></span> <span class='ocrx_word' id='word_1_259' title='bbox 933 3476 1044 3526; x_wconf 91' lang='lat' dir='ltr'><strong>omnino</strong></span> <span class='ocrx_word' id='word_1_260' title='bbox 1065 3492 1122 3526; x_wconf 93' lang='lat' dir='ltr'><strong>non</strong></span> <span class='ocrx_word' id='word_1_261' title='bbox 1142 3478 1232 3539; x_wconf 86' lang='lat' dir='ltr'><strong>magni</strong></span> <span class='ocrx_word' id='word_1_262' title='bbox 1253 3476 1405 3525; x_wconf 84' lang='lat' dir='ltr'><strong>faciendam</strong></span> <span class='ocrx_word' id='word_1_263' title='bbox 1424 3483 1475 3520; x_wconf 85' lang='lat' dir='ltr'><strong>esse</strong></span> 
     </span>
     <span class='ocr_line' id='line_1_31' title="bbox 326 3566 1416 3632; baseline -0.004 -15"><span class='ocrx_word' id='word_1_264' title='bbox 326 3583 383 3617; x_wconf 92' lang='lat' dir='ltr'><strong>rem</strong></span> <span class='ocrx_word' id='word_1_265' title='bbox 399 3568 539 3632; x_wconf 87' lang='lat' dir='ltr'><strong>inquiaiuit</strong></span> <span class='ocrx_word' id='word_1_266' title='bbox 554 3568 735 3620; x_wconf 78' lang='lat' dir='ltr'><strong>Snncnovws</strong></span> <span class='ocrx_word' id='word_1_267' title='bbox 753 3568 791 3629; x_wconf 60' lang='grc' dir='ltr'><strong>ἕξ.</strong></span> <span class='ocrx_word' id='word_1_268' title='bbox 810 3566 880 3620; x_wconf 80' lang='lat'><strong>24-</strong></span> <span class='ocrx_word' id='word_1_269' title='bbox 933 3569 1070 3618; x_wconf 81' lang='lat' dir='ltr'><strong>existimet</strong></span> <span class='ocrx_word' id='word_1_270' title='bbox 1085 3568 1314 3620; x_wconf 86' lang='lat' dir='ltr'><strong>narratiunculam</strong></span> <span class='ocrx_word' id='word_1_271' title='bbox 1331 3569 1416 3617; x_wconf 86' lang='lat' dir='ltr'><strong>istam.</strong></span> 
     </span>
     <span class='ocr_line' id='line_1_32' title="bbox 326 3660 1474 3722; baseline -0.009 -11"><span class='ocrx_word' id='word_1_272' title='bbox 326 3660 377 3711; x_wconf 79' lang='grc'>29..</span> <span class='ocrx_word' id='word_1_273' title='bbox 985 3660 1072 3709; x_wconf 89' lang='lat' dir='ltr'><strong>Porro</strong></span> <span class='ocrx_word' id='word_1_274' title='bbox 1090 3674 1157 3708; x_wconf 87' lang='lat' dir='ltr'><strong>uero</strong></span> <span class='ocrx_word' id='word_1_275' title='bbox 1177 3674 1206 3709; x_wconf 91' lang='lat' dir='ltr'><strong>re</strong></span> <span class='ocrx_word' id='word_1_276' title='bbox 1225 3660 1262 3707; x_wconf 82' lang='lat' dir='ltr'><strong>ita</strong></span> <span class='ocrx_word' id='word_1_277' title='bbox 1276 3660 1409 3722; x_wconf 86' lang='lat' dir='ltr'><strong>explicata</strong></span> <span class='ocrx_word' id='word_1_278' title='bbox 1426 3669 1474 3705; x_wconf 88' lang='lat' dir='ltr'><strong>nen</strong></span> 
     </span>
     <span class='ocr_line' id='line_1_33' title="bbox 362 3746 1474 3815; baseline -0.004 -14"><span class='ocrx_word' id='word_1_279' title='bbox 362 3748 408 3815; x_wconf 77' lang='lat'><strong>²⁶)</strong></span> <span class='ocrx_word' id='word_1_280' title='bbox 433 3752 521 3801; x_wconf 89' lang='lat' dir='ltr'><strong>Immo</strong></span> <span class='ocrx_word' id='word_1_281' title='bbox 547 3766 618 3801; x_wconf 89' lang='lat' dir='ltr'><strong>unus</strong></span> <span class='ocrx_word' id='word_1_282' title='bbox 646 3757 754 3800; x_wconf 87' lang='lat' dir='ltr'><strong>exstare</strong></span> <span class='ocrx_word' id='word_1_283' title='bbox 774 3750 881 3799; x_wconf 87' lang='lat' dir='ltr'><strong>uidetur</strong></span> <span class='ocrx_word' id='word_1_284' title='bbox 933 3752 1040 3801; x_wconf 84' lang='lat' dir='ltr'><strong>officere</strong></span> <span class='ocrx_word' id='word_1_285' title='bbox 1065 3752 1215 3800; x_wconf 86' lang='lat' dir='ltr'><strong>uidebimus</strong></span> <span class='ocrx_word' id='word_1_286' title='bbox 1242 3750 1273 3801; x_wconf 89' lang='lat' dir='ltr'><strong>L.</strong></span> <span class='ocrx_word' id='word_1_287' title='bbox 1293 3751 1335 3801; x_wconf 78' lang='lat'><strong>45.</strong></span> <span class='ocrx_word' id='word_1_288' title='bbox 1365 3746 1388 3814; x_wconf 65' lang='grc' dir='ltr'><strong>ξ.</strong></span> <span class='ocrx_word' id='word_1_289' title='bbox 1409 3746 1428 3796; x_wconf 90' lang='grc'><strong>1.</strong></span> <span class='ocrx_word' id='word_1_290' title='bbox 1447 3747 1474 3791; x_wconf 82' lang='lat' dir='ltr'><strong>de</strong></span> 
     </span>
    </p>
   </div>
   <div class='ocr_carea' id='block_1_7' title="bbox 323 3842 1516 3907">
    <p class='ocr_par' dir='ltr' id='par_1_9' title="bbox 323 3842 1516 3907">
     <span class='ocr_line' id='line_1_34' title="bbox 323 3842 1516 3907; baseline -0.008 -13"><span class='ocrx_word' id='word_1_291' title='bbox 323 3847 401 3895; x_wconf 88' lang='lat' dir='ltr'><strong>locus</strong></span> <span class='ocrx_word' id='word_1_292' title='bbox 427 3844 488 3893; x_wconf 86' lang='lat' dir='ltr'><strong>talis</strong></span> <span class='ocrx_word' id='word_1_293' title='bbox 515 3844 588 3907; x_wconf 88' lang='lat' dir='ltr'><strong>apud</strong></span> <span class='ocrx_word' id='word_1_294' title='bbox 611 3842 769 3892; x_wconf 80' lang='lat' dir='ltr'><strong>Vannmvu</strong></span> <span class='ocrx_word' id='word_1_295' title='bbox 789 3842 880 3892; x_wconf 72' lang='lat' dir='ltr'><strong>Maxi·</strong></span> <span class='ocrx_word' id='word_1_296' title='bbox 931 3846 963 3895; x_wconf 76' lang='lat' dir='ltr'><strong>It.</strong></span> <span class='ocrx_word' id='word_1_297' title='bbox 989 3845 1020 3907; x_wconf 88' lang='lat'><strong>1.,</strong></span> <span class='ocrx_word' id='word_1_298' title='bbox 1045 3848 1135 3907; x_wconf 75' lang='lat' dir='ltr'><strong>quam·</strong></span> <span class='ocrx_word' id='word_1_299' title='bbox 1151 3843 1180 3893; x_wconf 90' lang='lat' dir='ltr'><strong>in</strong></span> <span class='ocrx_word' id='word_1_300' title='bbox 1208 3845 1381 3891; x_wconf 88' lang='lat' dir='ltr'><strong>commodum</strong></span> <span class='ocrx_word' id='word_1_301' title='bbox 1407 3850 1475 3889; x_wconf 82' lang='lat' dir='ltr'><strong>enum</strong></span> <span class='ocrx_word' id='word_1_302' title='bbox 1515 3848 1516 3895; x_wconf 56' lang='lat' dir='ltr'><strong>t</strong></span> 
     </span>
    </p>
   </div>
   <div class='ocr_carea' id='block_1_8' title="bbox 323 3927 1474 4003">
    <p class='ocr_par' dir='ltr' id='par_1_10' title="bbox 323 3927 1474 4003">
     <span class='ocr_line' id='line_1_35' title="bbox 323 3927 1474 4003; baseline -0.007 -19"><span class='ocrx_word' id='word_1_303' title='bbox 323 3952 386 3987; x_wconf 75' lang='lat' dir='ltr'><strong>urm</strong></span> <span class='ocrx_word' id='word_1_304' title='bbox 406 3936 486 3987; x_wconf 89' lang='lat' dir='ltr'>VIII.</span> <span class='ocrx_word' id='word_1_305' title='bbox 505 3932 528 3983; x_wconf 89' lang='grc'><strong>1,</strong></span> <span class='ocrx_word' id='word_1_306' title='bbox 542 3932 565 3983; x_wconf 86' lang='grc'><strong>7.</strong></span> <span class='ocrx_word' id='word_1_307' title='bbox 586 3933 804 3996; x_wconf 79' lang='lat' dir='ltr'><strong>(damnatorum):</strong></span> <span class='ocrx_word' id='word_1_308' title='bbox 932 3934 1080 3984; x_wconf 84' lang='lat' dir='ltr'><strong>aduersarii</strong></span> <span class='ocrx_word' id='word_1_309' title='bbox 1096 3940 1224 4003; x_wconf 59' lang='lat' dir='ltr'><strong>⁵possent</strong></span> <span class='ocrx_word' id='word_1_310' title='bbox 1247 3936 1390 3983; x_wconf 85' lang='lat' dir='ltr'><strong>adducere.</strong></span> <span class='ocrx_word' id='word_1_311' title='bbox 1427 3927 1474 3979; x_wconf 83' lang='lat' dir='ltr'><strong>Illi·</strong></span> 
     </span>
    </p>
   </div>
   <div class='ocr_carea' id='block_1_9' title="bbox 392 4018 1516 4091">
    <p class='ocr_par' dir='ltr' id='par_1_11' title="bbox 392 4018 1516 4091">
     <span class='ocr_line' id='line_1_36' title="bbox 392 4018 1516 4091; baseline -0.011 -13"><span class='ocrx_word' id='word_1_312' title='bbox 392 4028 446 4091; x_wconf 86' lang='lat' dir='ltr'><strong>‚‚M.</strong></span> <span class='ocrx_word' id='word_1_313' title='bbox 472 4028 552 4078; x_wconf 89' lang='lat' dir='ltr'><strong>Aem.</strong></span> <span class='ocrx_word' id='word_1_314' title='bbox 575 4026 719 4075; x_wconf 83' lang='lat' dir='ltr'><strong>Porcinam</strong></span> <span class='ocrx_word' id='word_1_315' title='bbox 738 4025 825 4088; x_wconf 83' lang='lat' dir='ltr'><strong>(cons.</strong></span> <span class='ocrx_word' id='word_1_316' title='bbox 845 4024 880 4073; x_wconf 90' lang='lat' dir='ltr'><strong>A.</strong></span> <span class='ocrx_word' id='word_1_317' title='bbox 931 4026 1003 4075; x_wconf 85' lang='lat' dir='ltr'><strong>ditur</strong></span> <span class='ocrx_word' id='word_1_318' title='bbox 1019 4025 1090 4075; x_wconf 86' lang='lat' dir='ltr'><strong>enim</strong></span> <span class='ocrx_word' id='word_1_319' title='bbox 1108 4025 1251 4087; x_wconf 83' lang='lat' dir='ltr'><strong>fragmenti</strong></span> <span class='ocrx_word' id='word_1_320' title='bbox 1271 4026 1352 4075; x_wconf 85' lang='lat' dir='ltr'><strong>huius</strong></span> <span class='ocrx_word' id='word_1_321' title='bbox 1371 4018 1474 4073; x_wconf 86' lang='lat' dir='ltr'><strong>auetori-</strong></span> <span class='ocrx_word' id='word_1_322' title='bbox 1515 4050 1516 4087; x_wconf 39' lang='lat' dir='ltr'><strong>p</strong></span> 
     </span>
    </p>
   </div>
   <div class='ocr_carea' id='block_1_10' title="bbox 394 4107 1470 4181">
    <p class='ocr_par' dir='ltr' id='par_1_12' title="bbox 394 4107 1470 4181">
     <span class='ocr_line' id='line_1_37' title="bbox 394 4107 1470 4181; baseline -0.009 -13"><span class='ocrx_word' id='word_1_323' title='bbox 394 4117 463 4180; x_wconf 78' lang='lat'><strong>617.)</strong></span> <span class='ocrx_word' id='word_1_324' title='bbox 480 4133 497 4166; x_wconf 87' lang='lat' dir='ltr'><strong>a</strong></span> <span class='ocrx_word' id='word_1_325' title='bbox 514 4118 650 4167; x_wconf 77' lang='lat' dir='ltr'><strong>LCassio</strong></span> <span class='ocrx_word' id='word_1_326' title='bbox 671 4113 879 4181; x_wconf 76' lang='lat' dir='ltr'><strong>(cens.A.629.)</strong></span> <span class='ocrx_word' id='word_1_327' title='bbox 930 4124 972 4167; x_wconf 88' lang='lat' dir='ltr'><strong>tas</strong></span> <span class='ocrx_word' id='word_1_328' title='bbox 1006 4119 1036 4167; x_wconf 90' lang='lat' dir='ltr'><strong>L.</strong></span> <span class='ocrx_word' id='word_1_329' title='bbox 1065 4115 1108 4171; x_wconf 74' lang='grc'><strong>29.</strong></span> <span class='ocrx_word' id='word_1_330' title='bbox 1139 4116 1169 4167; x_wconf 82' lang='lat' dir='ltr'><strong>C.</strong></span> <span class='ocrx_word' id='word_1_331' title='bbox 1199 4119 1232 4165; x_wconf 90' lang='lat' dir='ltr'><strong>de</strong></span> <span class='ocrx_word' id='word_1_332' title='bbox 1258 4122 1328 4179; x_wconf 85' lang='lat' dir='ltr'><strong>pact.</strong></span> <span class='ocrx_word' id='word_1_333' title='bbox 1366 4114 1416 4178; x_wconf 84' lang='grc' dir='ltr'>(ΙΙ,</span> <span class='ocrx_word' id='word_1_334' title='bbox 1434 4107 1470 4168; x_wconf 79' lang='lat'><strong>3.)-</strong></span> 
     </span>
    </p>
   </div>
   <div class='ocr_carea' id='block_1_11' title="bbox 392 4205 1516 4273">
    <p class='ocr_par' dir='ltr' id='par_1_13' title="bbox 392 4205 1516 4287">
     <span class='ocr_line' id='line_1_38' title="bbox 392 4205 1516 4273; baseline -0.009 -15"><span class='ocrx_word' id='word_1_335' title='bbox 392 4216 548 4259; x_wconf 84' lang='lat' dir='ltr'><strong>accusatum</strong></span> <span class='ocrx_word' id='word_1_336' title='bbox 570 4209 680 4259; x_wconf 86' lang='lat' dir='ltr'><strong>crimine</strong></span> <span class='ocrx_word' id='word_1_337' title='bbox 698 4208 777 4259; x_wconf 89' lang='lat' dir='ltr'><strong>nimis</strong></span> <span class='ocrx_word' id='word_1_338' title='bbox 797 4206 879 4255; x_wconf 85' lang='lat' dir='ltr'><strong>subli·</strong></span> <span class='ocrx_word' id='word_1_339' title='bbox 928 4210 1015 4259; x_wconf 78' lang='lat' dir='ltr'><strong>Multa</strong></span> <span class='ocrx_word' id='word_1_340' title='bbox 1039 4210 1066 4259; x_wconf 89' lang='lat' dir='ltr'><strong>in</strong></span> <span class='ocrx_word' id='word_1_341' title='bbox 1084 4210 1135 4259; x_wconf 86' lang='lat' dir='ltr'><strong>hac</strong></span> <span class='ocrx_word' id='word_1_342' title='bbox 1155 4224 1184 4259; x_wconf 88' lang='lat' dir='ltr'><strong>re</strong></span> <span class='ocrx_word' id='word_1_343' title='bbox 1203 4222 1346 4273; x_wconf 87' lang='lat' dir='ltr'><strong>perperam</strong></span> <span class='ocrx_word' id='word_1_344' title='bbox 1365 4205 1472 4266; x_wconf 85' lang='lat' dir='ltr'><strong>disputa-</strong></span> <span class='ocrx_word' id='word_1_345' title='bbox 1515 4208 1516 4273; x_wconf 37' lang='lat' dir='ltr'><strong>p</strong></span> 
     </span>
    </p>
   </div>
   <div class='ocr_carea' id='block_1_12' title="bbox 385 4298 1268 4455">
    <p class='ocr_par' dir='ltr' id='par_1_14' title="bbox 385 4298 1268 4455">
     <span class='ocr_line' id='line_1_39' title="bbox 391 4298 1268 4363; baseline -0.003 -12"><span class='ocrx_word' id='word_1_346' title='bbox 391 4316 434 4351; x_wconf 90' lang='lat' dir='ltr'><strong>me</strong></span> <span class='ocrx_word' id='word_1_347' title='bbox 446 4305 600 4350; x_wconf 83' lang='lat' dir='ltr'><strong>exstructae</strong></span> <span class='ocrx_word' id='word_1_348' title='bbox 620 4300 701 4350; x_wconf 86' lang='lat' dir='ltr'><strong>uillae</strong></span> <span class='ocrx_word' id='word_1_349' title='bbox 719 4301 748 4350; x_wconf 91' lang='lat' dir='ltr'><strong>in</strong></span> <span class='ocrx_word' id='word_1_350' title='bbox 757 4299 880 4350; x_wconf 85' lang='lat' dir='ltr'><strong>Alsiensi</strong></span> <span class='ocrx_word' id='word_1_351' title='bbox 927 4301 967 4350; x_wconf 91' lang='lat' dir='ltr'><strong>uit</strong></span> <span class='ocrx_word' id='word_1_352' title='bbox 985 4301 1152 4351; x_wconf 78' lang='lat' dir='ltr'><strong>Nrevunnvs</strong></span> <span class='ocrx_word' id='word_1_353' title='bbox 1171 4316 1197 4363; x_wconf 90' lang='lat' dir='ltr'><strong>p.</strong></span> <span class='ocrx_word' id='word_1_354' title='bbox 1217 4298 1268 4349; x_wconf 78' lang='lat'><strong>35..</strong></span> 
     </span>
     <span class='ocr_line' id='line_1_40' title="bbox 385 4391 797 4455; baseline -0.005 -14"><span class='ocrx_word' id='word_1_355' title='bbox 385 4407 452 4455; x_wconf 86' lang='lat' dir='ltr'><strong>agre</strong></span> <span class='ocrx_word' id='word_1_356' title='bbox 469 4392 545 4454; x_wconf 80' lang='lat' dir='ltr'><strong>graui</strong></span> <span class='ocrx_word' id='word_1_357' title='bbox 563 4394 664 4443; x_wconf 88' lang='lat' dir='ltr'><strong>mulcta</strong></span> <span class='ocrx_word' id='word_1_358' title='bbox 680 4391 797 4443; x_wconf 82' lang='lat' dir='ltr'><strong>affecit.“</strong></span> 
     </span>
    </p>
   </div>
   <div class='ocr_carea' id='block_1_13' title="bbox 0 0 1538 5117">
    <p class='ocr_par' dir='ltr' id='par_1_15' title="bbox 0 0 1538 5117">
     <span class='ocr_line' id='line_1_41' title="bbox 0 0 1538 5117; baseline 0 0"><span class='ocrx_word' id='word_1_359' title='bbox 0 0 1538 5117; x_wconf 95' lang='lat' dir='ltr'><strong> </strong></span> 
     </span>
    </p>
   </div>
  </div>
 </body>
</html>
