3067 5117
1226 435 1365 503 61·

214 599 255 664 In
288 596 498 684 sequentibus
528 592 649 661 deinde
680 591 787 679 ipsam
814 590 921 684 illam,
948 612 1032 677 quae
1059 585 1132 658 ficri
1159 586 1277 675 potuit,

111 698 347 765 abiectionem:

190 823 313 878 „non
330 798 538 886 idempati
559 798 746 863 instituti
768 796 1170 881 comparationem
1239 852 1243 856 .

112 902 335 967 Parrnranvs
356 900 487 977 refellit,
518 899 648 975 dicens,
671 898 699 971 si
720 897 803 963 haec
823 909 946 963 tantum
967 896 1167 984 comparatio
1190 902 1277 960 esset

111 1003 338 1089 respicienda,
364 1001 589 1089 grauissimam
619 998 782 1085 quandam
809 999 956 1086 regulam
982 1000 1084 1087 uulgo
1106 998 1276 1085 probatam

9 1096 10 1103 ἵ
113 1104 279 1168 offensum
299 1103 356 1182 iri,
376 1102 460 1169 hanc
478 1102 620 1168 scilicet:

192 1204 251 1282 „in
274 1204 391 1271 tabulis
414 1206 514 1292 patris
538 1214 569 1269 et
589 1202 648 1267 filii
668 1226 766 1268 unam
789 1202 912 1268 seruari
934 1200 1150 1278 Falcidiam,“

113 1307 224 1392 itaque
245 1307 435 1373 uarietatem
456 1306 630 1382 exsistere,
658 1316 694 1369 ut
715 1305 742 1369 si
766 1305 839 1390 quis
864 1303 1073 1391 expluribus
1096 1300 1275 1367 substitutis

113 1408 250 1495 proprio
274 1410 406 1475 nomine
423 1408 507 1474 ultra
524 1407 708 1494 portionem
730 1430 822 1472 suam
844 1418 996 1472 oneratus
1024 1406 1080 1484 sit,
1111 1406 1158 1484 is,
1186 1404 1277 1469 uelut

113 1509 209 1575 heres
232 1520 319 1575 esset
340 1510 374 1574 in
394 1520 519 1595 partem
542 1509 649 1574 statim
671 1508 853 1586 institutus,
874 1518 1020 1594 quartam
1040 1507 1218 1583 desideret,
1247 1506 1276 1569 is

9 1646 10 1683 3
115 1635 215 1690 uero,
255 1611 312 1697 qui
339 1611 472 1698 proprio
511 1610 642 1697 quidem
676 1610 810 1676 nomine
838 1632 906 1675 non
939 1610 980 1675 sit
1013 1620 1184 1685 oneratus,
1217 1608 1276 1673 sed

113 1724 250 1801 propter
273 1708 455 1801 legatorum
478 1738 497 1779 a
518 1712 644 1801 pupillo
666 1712 853 1778 relictorum
872 1722 996 1797 partem
1015 1710 1057 1776 ad
1076 1708 1183 1794 ipsum
1200 1729 1276 1793 per-

9 1812 10 1891 l
114 1817 302 1882 uenientem
324 1827 356 1881 et
376 1817 485 1903 legata
506 1816 545 1881 ab
567 1815 639 1901 ipso
655 1813 777 1890 relicta,
799 1811 1011 1877 nihilominus
1025 1812 1099 1898 plus
1118 1809 1276 1875 dodrante

114 1919 234 1984 debeat
265 1941 421 2004 erogare,
460 1914 597 1983 retineat
627 1924 773 2000 quartam
800 1925 935 2001 propter
966 1912 1083 1979 calculi
1110 1909 1276 1977 conlusio-

114 2046 201 2088 ncm.
243 2021 306 2084 His
328 2042 535 2105 consequens
558 2042 648 2097 esse,
671 2028 707 2083 ut
729 2016 757 2081 si
780 2017 915 2081 soluerit
935 2017 1044 2102 legata
1064 2039 1084 2080 a
1108 2036 1143 2078 se
1164 2012 1278 2077 relicta

9 2190 11 2215 ,
113 2123 259 2210 pupillus
291 2132 322 2187 et
350 2121 455 2186 cautio
486 2144 505 2187 a
532 2120 697 2208 legatariis
727 2130 840 2187 exacta
865 2118 921 2197 sit,
950 2114 1115 2204 stipulatio
1138 2112 1276 2199 singulis

115 2224 298 2291 substitutis
318 2244 378 2309 pro
399 2232 469 2287 rata
485 2222 711 2288 committatur.

222 2326 354 2410 Itaque,
385 2334 421 2388 ut
443 2323 757 2410 comprehendamus
782 2322 897 2409 regula
915 2321 1068 2388 facillime
1092 2317 1277 2387 adhihenda

116 2438 220 2494 totam
241 2427 432 2491 Parrumur
453 2426 486 2489 in
503 2425 564 2491 hac
586 2426 661 2512 lege
682 2425 881 2503 doctrinam,
902 2424 984 2490 hacc
1007 2436 1077 2491 est:

225 2527 353 2607 „Duo
391 2528 516 2592 unius
549 2526 722 2615 pupilli
759 2526 990 2593 substituti
1026 2547 1188 2611 semper
1219 2522 1278 2587 ita

117 2643 214 2697 sunt
246 2628 457 2706 habendi,
493 2630 613 2715 quasi
649 2640 828 2716 uterque
862 2651 1016 2695 eorum
1048 2628 1170 2693 solus
1201 2627 1278 2692 he-

116 2734 217 2799 redi
250 2754 299 2797 ex
334 2753 429 2797 asse
461 2732 722 2797 substitutus
755 2741 888 2810 esset,
920 2730 983 2795 ita
1018 2728 1203 2814 quidem,
1237 2738 1280 2792 ut

117 2847 211 2901 tota
231 2833 451 2899 hereditas
474 2834 679 2900 uideatur
702 2855 796 2900 esse
830 2857 876 2899 ea
898 2832 1132 2917 quantitas,
1164 2855 1280 2918 quam

117 2947 288 3025 propter
317 2934 496 3002 alterius
517 2936 881 3002 substitutionem
902 2931 1108 3021 accepit“.
1124 2937 1174 3018 ²⁵)

225 3037 295 3106 Sub
316 3037 382 3103 fine
402 3038 600 3126 paragraphi
621 3038 717 3103 huius
736 3037 937 3103 monendum
958 3047 1024 3113 est,
1054 3036 1095 3101 ab
1126 3038 1278 3104 omnibus

9 3152 11 3185 ³
120 3141 225 3207 adhuc
246 3139 475 3227 interpretibus
498 3164 571 3205 cum
602 3140 683 3205 locis
704 3139 840 3205 uixdum
874 3135 1042 3224 explicatis
1077 3138 1217 3205 conferri
1236 3142 1277 3205 L.

9 3260 10 3275 ¹
120 3246 147 3310 l.
167 3244 200 3327 S.
219 3244 250 3309 3.
289 3242 317 3306 si
347 3242 399 3307 cui
419 3241 493 3329 plus
519 3242 684 3327 (XXXV,
705 3244 762 3324 3.),
797 3239 982 3327 quaemihi
1016 3238 1121 3326 aptius
1143 3262 1183 3305 eo
1202 3240 1277 3307 loco

120 3345 289 3412 tractanda
309 3366 381 3409 esse
401 3344 589 3422 uidebatur,
613 3367 677 3431 quo
701 3343 742 3409 dc
764 3342 972 3429 stipulatione
995 3352 1116 3429 quanto
1139 3342 1278 3429 amplius

120 3447 222 3513 fusius
247 3446 468 3511 disseruimus.
502 3443 759 3531 (Ot.cap.1111.
785 3447 816 3529 S.
833 3446 907 3531 lh).

223 3548 379 3633 Denique
412 3548 440 3612 si
475 3548 554 3613 alter
589 3570 631 3612 cx
664 3546 792 3611 duobus
825 3546 1023 3625 substitutis,
1059 3547 1113 3613 uel
1142 3558 1278 3633 uterquc
1373 3629 1376 3636 .

9 3736 10 3739 Ἴ
123 3650 216 3717 simul
240 3648 419 3717 coheredes
441 3648 505 3713 sint
524 3648 660 3736 pupilli,
683 3648 801 3715 eodem
820 3648 918 3713 modo
943 3661 1079 3735 uterque
1100 3650 1134 3714 in
1158 3660 1279 3715 certam

126 3992 320 4045 instituendam
364 4010 425 4045 esse
463 3995 492 4047 in
530 3996 676 4048 substituto
728 4011 852 4063 pressam
871 4012 929 4048 non
950 4010 1024 4060 csse,
1047 3996 1213 4059 benessio,
1233 4012 1280 4056 ne·

128 4100 176 4135 suo
195 4086 306 4139 nomme
328 4095 444 4140 onerato
466 4092 548 4139 modo
569 4097 611 4140 est
630 4106 677 4141 cx·
729 4106 781 4157 qne
801 4097 893 4139 tamen
912 4090 1043 4145 sciebam.
1063 4091 1202 4154 quomodo
1222 4089 1281 4139 brc-

127 4178 269 4239 positum.“
728 4185 789 4233 nius
819 4184 1012 4245 comprehendi
1042 4184 1152 4247 possint
1182 4184 1281 4244 omnia,

165 4268 210 4340 Ἠ)
245 4272 288 4323 ns
324 4273 434 4338 quidem
461 4276 592 4347 ‘regulam
627 4277 678 4325 hac
730 4288 799 4339 quae
816 4275 1004 4339 disquisitione
1030 4290 1079 4326 sus
1104 4275 1282 4326 Parrnrnnvs

62 4370 71 4391 ¹
128 4372 202 4427 parte
223 4367 390 4418 obtinentem
407 4382 423 4417 a
440 4366 605 4418 Parrurruo
628 4382 676 4417 ex·
729 4367 847 4431 denique
865 4366 1014 4417 constituit.
