3067 5117
278 336 338 403 tto

282 497 356 563 tur,
391 496 427 549 ut
456 485 486 549 si
520 486 593 569 quis
624 484 814 551 seruitutem
850 484 946 551 altius
978 507 1046 550 non
1068 482 1206 551 tollendi
1242 485 1430 570 acquisierit,

282 591 310 653 is
340 587 488 673 utique
515 586 637 671 possit,
658 587 833 671 quominus
857 586 951 653 altius
975 586 1077 663 tollat,
1099 585 1260 672 impedire
1282 587 1430 663 uicinum,
1513 630 1514 655 t

283 692 433 766 isuero,
466 712 486 753 a
506 710 571 772 quo
594 686 665 771 quis
684 686 735 751 ius
758 687 854 753 altius
886 685 1023 751 tollendi
1056 685 1118 751 sibi
1147 686 1351 771 acquisierit,
1388 712 1431 753 ne
1513 684 1514 731 3

284 803 367 856 turn
405 788 574 875 quidem
598 788 743 855 uicinum
782 786 886 873 possit
925 785 1111 871 prohibere,
1151 786 1179 851 si
1217 809 1312 853 suum
1337 788 1433 874 ipsius

285 890 469 957 aedilicium
490 899 610 954 tactum
630 889 737 955 luerit.

386 994 431 1057 Et
452 992 536 1058 hanc
557 990 795 1068 coniecturam,
828 1014 893 1077 qua
914 989 1076 1057 seruitutis
1098 996 1246 1055 naturam
1274 998 1369 1075 atque
1389 990 1436 1053 in-

284 1093 395 1159 dolem
413 1092 528 1177 procul
549 1091 649 1157 dubio
672 1090 790 1177 accipit
817 1092 867 1157 ius
888 1091 984 1157 altius
1005 1086 1162 1165 tollendi,
1193 1089 1222 1153 si
1251 1090 1436 1174 probaueri-

283 1217 375 1270 mus,
409 1192 505 1257 simul
527 1192 764 1278 intelligemus,
799 1192 1073 1279 quemadmodum
1094 1189 1234 1255 seruitus
1258 1190 1354 1257 altius
1376 1214 1438 1256 non
1514 1212 1515 1263 t

286 1294 425 1360 tollendi
445 1294 644 1360 exclusiuarn
665 1293 826 1379 adaugeat
852 1294 919 1359 uim
941 1292 1094 1369 dominii,
1121 1292 1167 1357 ita
1185 1292 1237 1357 ius
1264 1292 1360 1357 altius
1381 1292 1439 1357 tol·

286 1397 376 1463 leudi
398 1394 609 1462 affirmatiuae
627 1393 861 1461 incrementum
891 1396 1022 1461 afferre:
1051 1414 1116 1479 quo
1136 1394 1221 1459 lacto
1244 1416 1285 1459 eo
1309 1394 1438 1459 adduci-

285 1522 375 1575 mur,
397 1508 564 1562 uteorum
583 1494 711 1561 reiectis
735 1495 965 1581 opinionibus,
985 1495 1042 1580 qui
1064 1494 1183 1561 effectu
1204 1494 1343 1561 actionis
1365 1519 1440 1560 con-

287 1600 428 1665 siderato
457 1598 508 1663 ius
537 1595 633 1661 altius
660 1620 728 1662 non
755 1596 893 1662 tollendi
924 1595 1125 1663 confessoris
1152 1594 1220 1683 peti
1249 1596 1439 1674 existiment,

285 1702 337 1767 ius
358 1711 465 1765 autem
482 1696 578 1762 altius
597 1696 734 1762 tollendi
754 1698 939 1783 negatoris,
961 1718 1094 1783 prorsus
1118 1720 1199 1763 sane
1217 1696 1370 1765 docuisse
1391 1723 1437 1763 or-
1515 1676 1516 1697 Χ

286 1802 443 1867 bitremur
468 1800 706 1865 lvsTrnrnnvss
728 1800 759 1883 S.
787 1802 818 1867 2.
846 1800 873 1863 1.
900 1798 941 1863 de
969 1794 1036 1865 acte
1058 1799 1138 1884 quin
1159 1798 1260 1863 immo
1283 1800 1437 1885 exemplis

286 1904 332 1968 ibi
352 1901 457 1966 allatis
479 1909 511 1965 et
533 1899 752 1965 confessorias
780 1912 811 1965 et
832 1899 1020 1985 negatoriae
1042 1922 1134 1977 curn,
1164 1922 1265 1985 quem
1285 1900 1440 1978 dedimus,

246 2053 251 2065 ,
285 2004 394 2069 locum
415 2023 492 2067 uere
514 1999 764 2065 adscribendum
788 2023 872 2078 csse,
894 2002 1103 2085 apparet²⁸).

388 2105 569 2186 Postquam
592 2122 672 2165 uero
700 2099 770 2167 iure
800 2100 982 2186 elegantius
1010 2101 1140 2167 exculto
1166 2124 1235 2167 uon
1257 2102 1356 2169 etiam
1384 2103 1438 2168 do·
1516 2080 1517 2145 l

285 2204 378 2270 minii
406 2202 534 2267 adaucti
556 2202 758 2267 imminutiue
780 2202 871 2267 notio
893 2203 1092 2288 praeualuit,
1122 2204 1181 2271 sed
1202 2204 1372 2291 proprium
1394 2204 1440 2267 ius

287 2305 478 2371 seruitntum
500 2304 646 2368 construi
668 2313 819 2389 coeptum
840 2313 904 2381 est,
935 2326 1050 2389 perse
1072 2304 1198 2382 euenit,
1226 2316 1261 2369 ut
1283 2305 1441 2371 seruituti-

287 2409 347 2472 bus
392 2407 427 2470 in
469 2426 591 2490 genera
626 2404 794 2482 deductis,
834 2405 902 2471 lere
945 2428 1058 2471 omnes
1100 2405 1135 2471 in
1173 2405 1313 2473 dominii
1348 2405 1441 2492 partis

286 2653 485 2665 ῥ--ῼ-

324 2823 370 2888 28)
393 2825 498 2875 Locum
519 2818 654 2882 inspicere
676 2816 770 2881 liceat,
795 2820 841 2883 qui
890 2826 1018 2885 promptu
1037 2827 1088 2884 est,
1109 2821 1228 2873 seruitus
1246 2823 1329 2875 altius
1347 2824 1440 2875 tollen·

285 2920 418 2977 ultimam,
443 2927 524 2977 quom
542 2910 735 2975 proposuimus
755 2913 840 2961 serui·
892 2916 917 2963 di
936 2915 1075 2965 nominata
1096 2914 1138 2966 sit.
1182 2915 1297 2979 Locum,
1319 2917 1440 2980 quemad·

286 3012 351 3063 tutis
372 3008 453 3058 altius
478 3003 595 3054 tollendi
618 3003 736 3065 speciem
753 3004 839 3066 impu·
891 3008 1003 3057 modum
1021 3006 1133 3069 legitur,
1153 3007 1175 3057 si
1195 3022 1293 3058 sanum
1307 3008 1441 3068 habemus,

285 3110 359 3169 goat,
383 3103 447 3149 dum
464 3097 580 3147 maxime
601 3094 728 3143 laudatur
746 3095 780 3143 ab
798 3095 840 3157 iis,
891 3105 919 3147 et
943 3100 1132 3149 Vnsenaovu
1159 3095 1184 3163 ᾖ.
1205 3096 1440 3151 3⁴2,3,1‚00m.

286 3198 332 3263 qui
342 3196 590 3245 Preuusrrrcuuni
606 3186 757 3235 sententiae
776 3188 838 3235 sub·
890 3196 981 3241 mento
1014 3191 1168 3255 concidunt,
1198 3196 1226 3239 et
1251 3190 1368 3241 ultimae
1396 3204 1440 3241 no·

286 3290 460 3351 scripserunt,
481 3283 512 3330 L
533 3278 556 3329 l·
577 3280 610 3326 de
630 3278 659 3328 S·
677 3278 707 3327 P·
728 3278 778 3327 V·=
890 3289 962 3331 strae
989 3282 1088 3335 rationi
1117 3282 1296 3333 uehementer
1322 3282 1439 3343 officitur,

356 3378 404 3442 „si
419 3374 570 3425 intercedat
593 3369 682 3420 solum
701 3370 838 3433 publicum
889 3375 926 3427 ita
944 3381 975 3423 ut
992 3375 1053 3425 sola
1072 3389 1168 3427 eorum
1185 3376 1324 3427 sententia
1335 3375 1381 3425 uel
1395 3375 1438 3423 hu·

353 3470 399 3521 uel
417 3468 462 3517 uia
479 3464 601 3529 publica,
626 3474 715 3524 neque
733 3459 837 3509 itineris
888 3465 931 3515 ius
949 3466 1017 3527 legis
1035 3470 1164 3531 respectu
1172 3464 1265 3516 habito
1284 3473 1345 3525 ‚rata
1356 3464 1441 3531 possit

355 3570 467 3613 actusuc
498 3569 586 3619 noque
612 3552 694 3602 altius
722 3551 839 3601 tollendi
888 3558 988 3623 haberi,
1008 3558 1054 3622 qui
1071 3559 1107 3610 sd
1123 3557 1200 3619 leges
1218 3556 1341 3623 publicos
1360 3553 1438 3605 serui·

355 3653 500 3706 seruitute!
516 3643 657 3710 impedit.“
887 3654 973 3700 tutem
993 3649 1068 3702 illam
1087 3649 1238 3699 retulerint.
1281 3648 1321 3699 At
1339 3661 1382 3696 me
1402 3646 1437 3693 iu·

284 3751 329 3815 (Iu
338 3744 462 3800 Basilicis
482 3740 650 3792 uerbotenus
665 3736 721 3786 fere
742 3737 838 3784 eadem
888 3741 946 3789 dice
975 3740 1089 3803 „n0n“
1117 3742 1194 3805 illud,
1219 3742 1295 3809 quod
1317 3738 1437 3789 facillime

282 3835 427 3904 leguntur.)
886 3831 976 3897 potuit
1010 3832 1056 3881 uel
1090 3833 1225 3897 excidere,
1255 3832 1302 3883 uel
1331 3836 1437 3895 propter

332 3931 398 3982 Mihi
418 3930 471 3978 iam
494 3929 641 3987 antequam
665 3919 693 3969 iu
718 3916 834 3968 seruitu·
886 3926 1053 3988 praecedens
1072 3924 1232 3992 „neque“
1260 3925 1294 3975 ab
1312 3920 1436 3987 imperitis

282 4032 337 4074 tem
363 4024 443 4073 altius
471 4015 588 4069 tollendi
617 4011 768 4062 accuratius
793 4012 833 4060 in·
885 4016 977 4079 dolori,
999 4018 1198 4075 restituendum
1218 4022 1268 4079 est,
1287 4022 1319 4067 ue
1336 4017 1369 4064 (10
1383 4027 1435 4063 ω.

280 4118 428 4181 quirerem,
456 4111 553 4161 mirum
578 4107 734 4165 uidebatur,
758 4107 833 4169 quod
884 4108 969 4159 uitute
1014 4110 1126 4161 altius
1169 4124 1238 4165 non
1283 4104 1435 4161 tollendi

280 4205 410 4256 seruitute
427 4202 509 4253 altius
529 4216 585 4250 non
605 4199 721 4249 tollendi
740 4200 832 4259 negle·
883 4199 966 4249 uerba
985 4198 1059 4247 fient.

278 4304 328 4360 cta,
347 4310 428 4360 qnam
446 4293 552 4355 egregie
570 4291 624 4341 huc
641 4290 787 4354 pertinere,
805 4291 832 4340 in
