3067 5117
329 537 433 607 Aliter
466 538 720 607 Pronnruruvs
761 562 795 628 p.
828 542 880 611 811.
919 540 961 609 de
993 540 1057 607 hoe
1090 539 1166 605 loeo
1211 535 1380 604 iudicauit.

223 638 387 725 Proponit
406 638 510 719 enim,
531 639 679 727 regulam
699 641 832 728 quidem
852 642 1039 731 generalem
1058 663 1131 710 esse
1154 663 1244 716 eam,
1274 649 1311 704 ut
1329 638 1380 705 le·

227 750 377 827 gatorum
398 740 480 809 ratio
501 752 678 829 separetur.
690 744 744 829 ²⁶)
763 742 837 811 Hac
857 756 966 811 tamen
977 744 1076 813 1..87.
1090 744 1123 827 §-
1135 744 1165 811 5.
1188 740 1310 826 pariter
1330 750 1380 805 at-

227 864 290 927 que
312 842 343 927 S.
363 842 394 910 8.
422 842 592 929 aequitatis
622 866 738 909 caussa
768 846 977 933 exceptiones
1008 844 1108 912 lautas
1137 840 1313 918 contineri,
1326 840 1382 923 21)

227 942 280 1009 cui
300 944 369 1010 iure
391 942 578 1030 obloquitur
598 946 860 1013 Vsasuaovrvs
880 948 923 1013 A.
942 970 975 1033 p.
986 949 1069 1025 335,
1090 946 1181 1011 cuius
1205 964 1382 1029 argumen-

227 1046 305 1111 tatio
324 1046 420 1112 etiam
441 1045 483 1113 ad
505 1055 650 1113 nostram
668 1047 968 1135 interpretationem
994 1048 1090 1115 facile
1115 1044 1243 1112 deflecti
1262 1053 1384 1132 potest,

229 1158 261 1213 et
280 1148 493 1217 Hvscrrurvs
513 1146 590 1215 Vol.
611 1148 686 1217 VII.
707 1172 741 1235 p.
761 1149 844 1218 210..

337 1248 482 1315 Omnino
505 1248 605 1337 igitur
625 1248 793 1329 uidemus,
816 1251 913 1318 etiam
932 1253 1084 1340 portione
1108 1273 1177 1316 non
1204 1259 1338 1317 onerata
1364 1272 1385 1313 a

227 1350 399 1419 substituto
422 1350 580 1436 acquisita
604 1351 742 1419 eandem
763 1351 910 1421 obtinere
928 1353 1092 1441 regulam,
1123 1361 1220 1443 atque
1247 1350 1282 1415 in
1304 1350 1385 1414 sub·

229 1452 394 1519 stitutione
414 1451 561 1539 uulgari,
581 1474 679 1539 quam
697 1464 864 1541 comparat
891 1454 934 1521 ad
955 1454 1043 1521 hune
1065 1454 1174 1520 locum
1201 1452 1384 1519 Ivmsnvs.

230 1555 344 1640 Itaque
363 1553 537 1620 dicendum
557 1553 652 1621 nobis
677 1554 757 1632 erit,
781 1556 932 1641 portione
952 1577 1087 1643 prorsus
1105 1554 1210 1621 libera
1230 1562 1386 1620 oneratae

232 1657 447 1734 obueniente‚
466 1656 698 1723 conbibutioni
719 1657 828 1723 locum
850 1681 940 1725 esse:
970 1655 1134 1744 quaeritur
1161 1665 1268 1721 utrum
1296 1654 1386 1720 idem

230 1757 295 1825 hoc
315 1758 372 1825 liat
393 1757 588 1825 obuenieute
609 1758 760 1847 portione
778 1760 863 1827 inlra
883 1759 1077 1825 dodrantem
1094 1768 1239 1835 onerata,
1261 1780 1304 1823 an
1320 1754 1386 1821 hoo

231 1882 309 1927 casu
340 1859 457 1947 pupilli
492 1860 601 1947 legata
626 1858 733 1927 solida
759 1860 950 1938 soluautur‚
987 1882 1029 1927 ex
1061 1858 1188 1944 reliquo
1221 1858 1386 1925 substituti

231 1973 428 2049 augeantur,
450 1963 575 2047 quade
600 1984 636 2029 re
665 1962 777 2049 legum
813 1963 1014 2049 praescripta
1041 1983 1109 2027 non
1150 1970 1286 2027 exstant.
1340 1962 1387 2025 Et

229 2062 322 2129 multi
342 2064 578 2131 contribuendo
599 2086 671 2131 esse
697 2063 807 2151 legata
834 2074 1047 2141 censuerunt,
1082 2062 1234 2150 equidem
1261 2062 1296 2127 in
1323 2060 1387 2127 hac

230 2177 321 2253 parte
343 2166 422 2232 iuris
445 2166 550 2253 ipsam
570 2166 659 2233 illam
682 2164 847 2252 regulam,
866 2189 963 2251 quam
982 2166 1024 2232 L.
1047 2166 1095 2232 11.
1117 2166 1149 2249 S.
1170 2165 1201 2231 5.
1221 2162 1255 2229 h.
1269 2174 1291 2227 t.
1311 2186 1385 2228 rno-

231 2263 302 2330 nuit
320 2264 541 2335 Psrlrtrsrtvs
563 2267 706 2334 ualuisse
726 2266 830 2345 malo,
852 2267 1076 2343 substitutum,
1106 2288 1190 2351 quae
1220 2265 1385 2353 apupillo

231 2364 344 2430 relicta
364 2378 455 2445 suut,
477 2368 567 2435 uelut
588 2390 643 2435 aes
666 2368 809 2437 alienum
832 2368 980 2436 soluere:
1002 2368 1136 2434 omniuo
1158 2368 1245 2433 enim
1256 2368 1387 2455 perspi-

233 2488 306 2533 cere
327 2488 395 2532 non
418 2491 571 2555 possum,
592 2468 649 2536 ubi
671 2470 803 2537 tandem
830 2470 946 2559 regula
981 2470 1044 2537 ista
1069 2469 1162 2555 quasi
1195 2468 1274 2534 iuris
1306 2492 1387 2555 pro-

232 2568 381 2635 uerbium
400 2568 531 2639 laudata
549 2570 658 2637 locum
677 2572 846 2651 habuerit,
867 2573 931 2638 nisi
951 2572 985 2637 in
1006 2570 1088 2657 ipsis
1107 2570 1176 2649 his,
1205 2570 1247 2637 de
1268 2570 1387 2656 quibus

229 2668 412 2755 loquimur,
433 2671 686 2740 conditionibus.

336 2773 383 2857 3.)
406 2771 642 2859 sistraque
663 2775 806 2862 portio
827 2774 958 2843 luerit
978 2787 1163 2843 onerata.
1213 2777 1289 2843 Huc
1309 2798 1387 2862 per-

232 2873 313 2941 tinet
331 2875 373 2940 L.
389 2875 440 2943 87.
459 2876 491 2965 S.
510 2877 542 2945 8.
564 2874 661 2942 ibid:

315 2976 482 3054 „Coheres
504 2978 630 3066 pupillo
653 2978 747 3045 datus
776 2980 806 3045 si
833 3001 893 3066 pro
921 2989 1012 3065 parte
1045 3001 1105 3045 sua
1135 2978 1245 3066 legata
1277 2978 1390 3047 habits

284 3080 414 3167 'Legis
428 3079 594 3149 Falcidiae
614 3081 741 3147 ratione
761 3080 969 3167 praestiterit,
989 3078 1108 3147 deiude
1115 3079 1283 3165 impubere
1297 3103 1389 3146 mor-

311 3193 366 3249 tuo
389 3206 430 3249 ex
450 3181 679 3249 substitutione
700 3182 796 3249 heres
822 3182 997 3260 exstiterit,
1026 3192 1059 3249 et
1078 3183 1175 3248 semis
1197 3182 1316 3270 pupilli
1334 3183 1387 3247 le-

313 3284 396 3370 gatis
418 3285 593 3351 exhaustus
614 3295 717 3361 esset,
734 3306 777 3349 ex
792 3283 920 3369 integro
940 3282 1025 3369 legis
1037 3282 1204 3349 Falcidiae
1225 3284 1307 3349 ratio
1323 3306 1389 3369 pu-

313 3384 422 3451 neuda
445 3384 522 3463 erit,
543 3396 578 3450 ut
599 3384 789 3451 conbibutis
806 3383 942 3470 legatis,
965 3407 1048 3469 quae
1069 3386 1111 3451 ab
1145 3386 1219 3472 ipso
1247 3398 1279 3451 et
1303 3408 1389 3469 quae

316 3486 480 3575 apupillo
501 3486 742 3565 durauerant,
772 3508 848 3572 pars
880 3497 995 3571 quarta
1017 3486 1178 3553 bonorum
1199 3487 1287 3574 apud
1313 3510 1390 3553 eum

311 3599 487 3655 remaneat.
519 3588 615 3657 Licet
632 3587 719 3655 enim
739 3587 866 3675 pupillo
888 3586 983 3655 heres
1005 3589 1148 3667 exsistat,
1169 3599 1279 3655 tamen
1302 3589 1392 3655 circa

236 3808 435 3821 um-

273 3950 320 4025 2ί)
335 3958 395 4009 Hac
413 3956 446 4005 de
465 3954 560 4017 regula
579 3966 688 4019 semper
701 3952 785 4005 inter·
838 3951 1006 4018 nescioquo
1032 3954 1116 4004 modo
1134 3953 1164 4005 in
1186 3953 1277 4005 uerbis
1302 3969 1391 4019 „po-

233 4056 325 4115 pretes
347 4049 468 4099 diuersas
486 4047 661 4111 protulerunt
678 4052 788 4097 senten·
837 4047 922 4096 terit
940 4046 1023 4096 diei“
1043 4044 1166 4097 inuenire
1173 4049 1393 4112 potuerit,qnarn

236 4144 302 4206 tias,
329 4142 363 4191 de
389 4140 485 4205 quibus
511 4140 544 4189 cl.
578 4138 788 4191 Pronnruarvs
839 4139 985 4191 dictionem
1010 4138 1039 4188 in
1062 4152 1092 4187 re
1113 4140 1263 4190 certissima
1287 4141 1392 4204 saepis-

234 4250 260 4299 p.
280 4233 331 4296 ⁷2..
348 4232 665 4285 HvsuurvsV01.V11.
683 4246 709 4296 p.
718 4230 789 4283 221..
839 4230 904 4281 sima
915 4229 1051 4297 usurpari,
1070 4238 1193 4297 nonest,
1211 4236 1393 4298 quodexem·

272 4320 319 4395 Η)
338 4324 423 4377 Cuius
440 4324 592 4377 sententiae
604 4323 790 4375 testimonium
836 4324 890 4388 plia
912 4324 1130 4388 comprobemus.
