3067 5117
1196 467 1238 536 33

95 618 157 709 lege
180 618 325 689 Falcidia
360 646 427 689 non
461 618 534 709 plus
565 618 723 688 dodrante
760 618 877 707 legatis
907 618 1076 689 absumere
1101 618 1143 688 de
1171 622 1241 688 iure

95 724 191 803 liceat,
214 724 490 813 praesumendum
511 736 577 803 est,
600 724 627 789 si
649 722 728 808 quid
749 722 834 788 ultra
856 722 1048 789 dodrantem
1066 725 1237 811 legauerit‚

97 825 203 891 incuria
223 828 365 911 quadam
394 826 457 895 hoc
482 828 602 893 lactum
623 848 696 891 esse
718 824 772 890 uel
794 824 930 891 libidine
951 826 1080 891 uitiosa.
1120 826 1238 892 Plures

96 926 117 992 si
131 926 257 993 heredes
287 930 453 1015 scripserit
479 939 613 994 testator
644 926 826 1011 eodemque
852 925 952 991 modo
974 950 994 992 a
1015 928 1132 1012 quouis
1153 930 1238 995 ultra

95 1029 265 1095 dodrantem
285 1030 462 1117 legauerit‚
489 1030 553 1095 hoc
575 1027 706 1114 quidem
733 1026 857 1093 tamdiu
875 1026 956 1092 nihil
974 1028 1088 1107 refert,
1120 1052 1235 1116 quam-

95 1130 138 1195 diu
156 1154 263 1197 omnes
288 1133 433 1198 adituros
452 1155 523 1198 esse
545 1128 768 1205 hereditatem,
790 1128 969 1199 uerisimile
991 1140 1050 1195 est.
1095 1132 1235 1219 Semper

94 1244 182 1298 tamen
201 1232 379 1299 tenendum
408 1244 475 1311 est,
504 1234 569 1298 nisi
589 1232 677 1298 fraus
698 1229 766 1317 legi
787 1230 871 1295 facta
893 1231 952 1309 sit,
985 1232 1073 1299 idem
1093 1235 1235 1320 denique

93 1334 126 1398 ad
143 1334 312 1421 legatarios
336 1356 409 1399 esse
427 1346 678 1420 peruenturum,
704 1333 775 1397 siue
797 1354 838 1397 ex
862 1345 929 1398 tota
949 1332 1143 1412 hereditate,
1165 1336 1236 1401 siue
1348 1361 1354 1373 ¹

94 1459 108 1500 a
126 1436 254 1523 singulis
276 1436 453 1502 heredibus
474 1436 585 1523 legata
606 1445 821 1522 praestentur.
863 1435 995 1519 Itaque,
1021 1447 1057 1499 ut
1079 1449 1238 1523 cogantur

93 1546 254 1615 testatores,
283 1537 449 1603 licentiam
480 1560 572 1603 suam
609 1537 719 1624 legum
739 1535 948 1621 praescriptis
979 1526 1237 1616 accommodare,

92 1638 271 1717 rectissime,
290 1639 478 1724 ubicunqne
501 1650 655 1705 oneratae
678 1637 761 1703 duae
783 1637 951 1723 portiones
976 1637 1018 1702 ad
1040 1662 1141 1705 unum
1159 1663 1236 1727 per-

91 1742 239 1819 uenerint,
268 1741 311 1807 de
332 1740 439 1806 solido
461 1740 571 1827 legata
590 1740 768 1829 praestari,
801 1762 869 1805 non
889 1740 1062 1824 separatim
1085 1765 1126 1807 ex
1148 1754 1236 1807 utra·
1319 1801 1322 1808 .

93 1864 143 1927 que
162 1843 330 1930 portione,
353 1853 505 1907 statutum
526 1866 614 1921 esse,
643 1841 708 1907 dici
724 1840 839 1927 possit.

180 1946 297 2032 Neque
334 1954 441 2009 tamen
470 1944 555 2010 hanc
592 1940 905 2031 argumentationem
943 1944 1097 2011 adhibere
1126 1947 1237 2028 uelim,

93 2048 156 2132 quia
176 2047 312 2113 omnino
345 2068 419 2111 cum
440 2044 586 2112 Cvracn
608 2055 639 2110 et
659 2043 883 2109 Prounrnrm
905 2045 1031 2111 ratione
1052 2050 1236 2117 consentire

93 2173 220 2235 nequeo,
255 2148 434 2236 praecipue
465 2158 599 2235 propter
631 2144 744 2211 ultima
780 2146 977 2232 paragraphi
1009 2146 1105 2214 huius
1135 2151 1238 2217 uerba

93 2250 356 2337 comparationem
383 2271 456 2315 eum
474 2247 602 2337 uulgari
625 2244 852 2312 substitutione
872 2247 1088 2328 continentia,
1120 2252 1237 2337 quibus

92 2365 185 2437 aperte
207 2353 249 2418 de
273 2350 390 2437 legatis
422 2348 683 2437 adaugendis
715 2348 850 2427 dicitur,
884 2351 972 2434 quod
996 2352 1156 2438 sagaciter
1177 2378 1235 2420 ex·

92 2454 184 2537 posuit
204 2454 469 2521 Vanesaowvs
484 2452 566 2537 A-p.
588 2450 669 2519 338..
712 2448 866 2516 Ceterum
886 2475 984 2531 uero,
1005 2454 1083 2520 licet
1103 2459 1237 2522 omnino

91 2568 164 2620 recte
193 2555 234 2621 de
265 2554 327 2620 hac
354 2552 428 2639 lege
450 2552 599 2617 statuisse
622 2573 772 2617 censeam
792 2554 1017 2620 Hvscuurvn
1038 2566 1069 2620 et
1089 2556 1235 2623 Varen-

91 2674 236 2734 uourvu,
265 2655 378 2742 magni
407 2654 514 2719 facere
542 2675 610 2718 non
638 2676 774 2742 possum
796 2677 909 2719 eorum
930 2658 1022 2723 uocis
1046 2658 1236 2735 „exhau-

91 2758 186 2823 rire“
208 2754 526 2843 interpretationem:
548 2754 607 2819 sed
628 2754 737 2841 potius
758 2778 810 2821 me
825 2757 929 2821 mouit
947 2768 978 2822 et
998 2758 1118 2838 addita,
1140 2783 1238 2846 quam

93 2858 278 2937 memoraui,
318 2856 516 2943 comparatio
555 2867 587 2921 et
620 2855 675 2921 lex
709 2856 886 2943 praecipue
922 2859 1106 2944 generalis,
1142 2883 1240 2946 quam

93 2982 178 3045 supra
204 2960 355 3047 pluribus
384 2959 620 3045 expressimus,
654 2957 835 3042 „portione
863 2958 967 3024 libera
986 2960 1040 3025 uel
1063 2971 1149 3027 certe
1170 2984 1238 3026 non

91 3083 180 3147 usque
212 3062 255 3128 ad
292 3060 484 3127 dodrantem
520 3068 654 3126 onerata
688 3057 729 3124 ad
758 3070 925 3126 oneratam
950 3062 1144 3139 accedente,
1178 3085 1236 3140 eo,

93 3164 169 3247 quod
189 3164 267 3229 inde
303 3162 385 3227 lucri
416 3162 565 3239 exsistat,
587 3160 750 3226 substituti
774 3160 949 3248 legatarios
970 3163 1117 3228 adiuuari
1126 3172 1157 3227 “.
1199 3166 1237 3232 Si

92 3264 154 3347 quis
174 3277 283 3331 autem
305 3262 436 3329 obiiciat
455 3264 555 3341 mihi,
582 3264 690 3349 ipsum
711 3284 763 3327 me
791 3261 855 3329 hoc
881 3288 959 3330 casu
981 3287 1049 3330 non
1070 3265 1237 3330 contribu-

92 3364 202 3430 tionem
222 3364 294 3430 fieri
315 3364 453 3451 debere,
482 3364 541 3430 sed
570 3364 855 3451 amplificationem
873 3378 997 3433 tantum
1017 3367 1199 3453 legatorum
1221 3392 1240 3433 a

92 3466 252 3532 substituto
282 3466 468 3533 relictorum
497 3490 538 3533 ex
570 3467 626 3544 iis,
664 3488 748 3551 quae
774 3466 859 3533 ultra
894 3468 1103 3554 quadrantem
1137 3466 1242 3533 libera

93 3580 189 3633 essent
209 3569 243 3633 in
263 3569 416 3654 portione
429 3568 615 3645 accedente,
634 3590 732 3654 supra
749 3570 972 3655 proposuisse,
996 3580 1027 3635 et
1049 3567 1167 3633 iccirco
1186 3592 1239 3635 rc-

93 3670 193 3752 gulam
213 3670 307 3736 istam
327 3668 474 3735 adhunc
494 3693 604 3735 casum
625 3694 693 3735 non
710 3671 886 3755 quadrare,
909 3671 1030 3755 quippe
1052 3692 1116 3754 quc
1137 3669 1242 3735 libera

93 3772 190 3855 portio
212 3770 302 3837 nulla
322 3782 441 3849 exstet,
472 3771 502 3835 ei
523 3770 586 3836 hoc
606 3773 674 3838 lere
697 3784 745 3837 est
766 3772 1047 3857 respondendum,
1077 3769 1167 3855 quod
1188 3771 1243 3837 lex

94 3871 146 3937 ista
166 3872 326 3960 generalis
349 3872 495 3938 deriuata
515 3884 563 3938 est
585 3896 626 3939 ex
644 3874 719 3961 lege
744 3874 840 3938 etiarn
862 3871 1038 3958 ampliore:
1063 3872 1243 3959 „portione

94 3994 153 4037 non
180 3987 314 4062 grauata
345 3976 385 4041 ad
418 3984 584 4061 granatam
612 3974 787 4039 accedente
819 3974 973 4061 augeri
992 3973 1102 4059 legata
1123 3999 1142 4039 a
1164 3975 1243 4038 sub-

94 4075 193 4142 stituto
221 4077 352 4144 alteram
381 4100 510 4163 quoque
538 4075 723 4162 portionem
751 4075 931 4162 accipiente
957 4075 1110 4141 relicta.“
1150 4078 1244 4143 Haec

94 4188 194 4242 autem
219 4177 273 4244 lex
304 4178 452 4267 superior
481 4178 633 4243 facillime
654 4200 714 4263 per
736 4176 921 4263 analogiam
944 4177 984 4241 ad
1007 4200 1078 4241 eam
1099 4180 1244 4265 speciem

95 4277 269 4359 deducitur,
303 4281 331 4346 si
358 4281 464 4370 portio
494 4279 601 4345 minus
634 4290 768 4345 onerata
798 4279 903 4366 magis
926 4289 1078 4344 oneratae
1101 4281 1245 4347 accedat.

94 4377 162 4445 Nou
184 4382 269 4449 enim
288 4383 362 4449 fons
385 4392 416 4449 et
438 4392 535 4469 eaput
556 4379 691 4467 regulae
718 4379 806 4445 illius
836 4378 901 4445 hoo
930 4389 996 4455 est,
1025 4380 1115 4463 quod
1143 4380 1248 4447 libera

1071 4480 1092 4547 3
