3067 5117
535 1299 651 1346 CAPVT
672 1297 874 1346 SECVNDVM.

119 1461 174 1536 IN
178 1459 537 1538 TERPRETATIO
561 1409 747 1540 LEGUM
766 1463 1106 1559 QVARVNDAM‚
1133 1465 1276 1556 QVAE

162 1595 460 1672 REFRAGARI
485 1597 791 1674 VIDEANTVR
818 1598 1147 1676 SENTENTIAE
1172 1603 1240 1675 AB

196 1747 199 1755 “
373 1737 381 1756 “
417 1733 663 1810 AVCTORE
688 1733 973 1811 DEFENSAE.

636 1943 778 1952 ...u—...u—

644 2097 676 2180 g,
700 2098 749 2164 ao.

559 2254 581 2304 1.
617 2253 840 2306 PRAEFATIO.

218 2409 261 2524 ln
299 2458 510 2545 inscriptione
548 2461 662 2548 capitis
694 2460 790 2526 huius
834 2459 1067 2536 iudicauimus,
1112 2482 1175 2525 noa
1217 2484 1275 2526 co-

118 2587 190 2628 rum
222 2570 346 2626 tantum
377 2561 526 2627 locorum
546 2562 773 2630 refutationem
794 2561 880 2628 nelle
902 2560 1087 2647 suscipere,
1123 2583 1206 2646 quoa
1241 2562 1276 2628 in

121 2687 213 2729 snam
241 2661 446 2748 opinionem,
485 2665 664 2730 contrariae
694 2662 829 2728 rationis
865 2662 1054 2728 defensores
1091 2663 1276 2731 attulerunt.

119 2765 241 2831 Iccirco
267 2774 374 2828 autem
394 2787 449 2830 eas
470 2765 579 2850 leges,
603 2765 736 2850 quasin
757 2773 900 2829 nostram
922 2763 1114 2828 sententiam
1135 2787 1276 2852 conges-

118 2875 250 2941 serunt,
278 2863 411 2951 propria
432 2865 704 2932 commentatione
725 2875 861 2930 tractare
883 2860 1065 2940 noluimus,
1103 2865 1180 2950 quia
1199 2889 1276 2952 pcr-

119 2989 251 3032 suasnm
291 2964 470 3044 habemus,
520 2978 648 3052 praeter
676 2967 718 3032 L.
747 2967 777 3032 5.
807 2988 856 3050 pr.
898 2962 926 3027 si
954 2964 1033 3028 usfr.
1070 2963 1196 3029 nullum
1236 2968 1276 3032 iis

121 3077 347 3154 argumentum
368 3067 445 3132 satis
467 3090 567 3154 granc
589 3067 759 3133 contineri.
809 3067 894 3133 Sunt
922 3075 1046 3141 autem,
1075 3087 1157 3150 quae
1179 3089 1275 3152 prac-

123 3169 218 3254 cipne
252 3167 359 3232 solent
391 3167 482 3231 citari
516 3167 623 3255 leges,
660 3169 722 3233 hae
756 3167 843 3232 lere:
876 3167 917 3230 L.
938 3165 989 3232 60.
1018 3167 1050 3249 3.
1074 3167 1102 3233 1.
1137 3165 1177 3232 de
1199 3168 1276 3233 nair.

123 3271 214 3353 (Vll,
232 3271 286 3352 1.),
307 3268 348 3331 L.
372 3267 419 3332 10.
441 3291 490 3352 pr.
512 3269 540 3332 si
561 3291 657 3346 seru,
677 3270 718 3333 L.
736 3271 766 3336 3.
788 3270 820 3351 ὃ.
833 3271 880 3335 13.
904 3267 945 3332 de
966 3266 1036 3330 itin.
1060 3266 1277 3348 (XXXXIIL

126 3369 203 3452 ta),
223 3370 265 3433 L.
284 3370 314 3435 7.
339 3367 379 3433 ee
402 3391 452 3453 aq.
476 3380 565 3454 quot.
595 3367 824 3455 (miuron,
841 3369 926 3447 not,
955 3389 1035 3452 uuas
1066 3367 1198 3435 cuilibet
1226 3369 1277 3434 in-

124 3468 308 3555 spiniendas
329 3467 552 3554 relinquimur.
699 3540 705 3549 ,

230 3567 354 3634 Contra
376 3590 489 3636 eorum
507 3571 667 3650 locorum,
688 3573 805 3658 quibua
826 3571 1022 3637 contrarium
1044 3571 1195 3638 affirmari
1215 3597 1277 3660 pn-

123 3682 209 3747 tant‚
237 3681 360 3736 tanturn
397 3693 465 3735 non
496 3673 641 3738 omnium
669 3675 869 3740 mentionem
894 3673 1001 3739 iacere
1019 3672 1211 3751 debuimus,
1237 3699 1279 3740 nc

123 3771 262 3838 tacendo
293 3771 405 3838 eorum
432 3773 499 3838 nim
527 3795 706 3860 agnoscere
725 3775 905 3840 uideamur.
946 3773 1150 3840 Generaliter
1171 3785 1279 3840 antem

125 3873 222 3938 liceat
243 3873 465 3957 praemittere,
497 3875 587 3959 quod
608 3896 699 3940 ornes
719 3875 796 3940 illac
815 3875 907 3961 lcgca
929 3875 1009 3939 nihil
1033 3875 1167 3940 omnino
1189 3898 1280 3942 eom·

125 3974 284 4061 probant,
322 3973 385 4037 nisi
421 3984 563 4040 actorem
593 3976 712 4042 debere
743 3977 902 4063 probare:
937 3975 1016 4060 quid
1052 3997 1133 4042 uero
1164 3976 1283 4042 debeat

131 4075 290 4162 probaro,
311 4097 353 4140 ne
374 4097 441 4140 una
464 4075 596 4160 quidem
617 4075 712 4143 certis
733 4077 844 4142 uerbis
871 4077 1022 4163 exprimit
1053 4089 1085 4142 et
1113 4100 1191 4143 uere
1213 4089 1282 4144 atu·

127 4176 238 4262 ponda
259 4187 307 4241 eat
326 4177 542 4242 ratiocinandi
562 4176 695 4255 leuitas,
730 4177 759 4242 ai
782 4177 853 4263 qnia
884 4179 981 4256 inde,
1021 4178 1110 4264 quod
1131 4178 1283 4244 dominns

129 4279 165 4344 in
193 4278 363 4366 negatoria
391 4277 547 4344 sustineat
575 4289 684 4366 partes
714 4280 852 4357 actoris,
881 4278 1064 4346 libertatem
1092 4278 1284 4345 aceruitntc
