3067 5117
1232 352 1291 419 151

135 512 347 581 affirmatiuae
372 512 572 578 incremento
601 509 743 596 quodam
771 506 949 574 consistere
975 504 1294 586 animaduerteretur,

133 616 271 701 quibus,
301 636 401 701 quum
419 611 594 679 inseruirct
613 610 697 677 actio
720 609 939 686 confessoris,
970 608 1057 675 facili
1074 608 1208 693 negotio
1229 608 1294 676 hoc

131 717 227 782 titulo
258 739 299 781 ea
325 711 579 798 insigniebatur,
613 723 649 778 ut
677 717 744 779 καί
764 711 873 795 ἐξοχὴν
902 710 943 776 dc
973 709 1181 777 seruitutibus
1207 711 1291 777 actio

131 818 301 883 uideretur
320 834 409 881 esse:
439 812 612 899 negatoria
638 835 735 890 uero,
764 834 863 897 quum
882 810 1074 898 plerumque
1102 833 1209 877 nouae
1238 811 1291 875 isti

133 916 357 984 confessoriac
379 914 533 999 opposita
552 924 649 991 osset,
671 914 701 979 ei
722 912 917 999 generaliter
939 912 1142 990 tribueretur,
1164 913 1220 998 qui
1241 914 1292 979 ius

129 1018 268 1102 aliquod
289 1018 324 1081 in
345 1038 405 1081 suo
425 1014 571 1081 exerceri
592 1014 660 1100 pati
679 1015 824 1092 nolebat,
846 1015 1013 1080 dominum
1035 1014 1120 1081 dioo.
1165 1017 1209 1081 Et
1227 1016 1291 1085 huo

128 1117 290 1185 trahenda
312 1127 361 1184 cst
381 1115 507 1181 famosa
523 1113 582 1180 illa
601 1115 642 1180 L.
663 1118 693 1183 2.
713 1110 765 1201 pr,
783 1115 810 1179 si
833 1136 923 1180 seru:

215 1219 290 1296 „De
312 1215 520 1284 seruitutibus
549 1227 737 1302 competunt
763 1215 859 1281 nobis
890 1215 925 1279 in
955 1238 1024 1281 rem
1053 1216 1196 1284 actiones
1225 1228 1290 1285 tam

215 1316 416 1385 confessoria
438 1339 535 1401 quam
562 1316 732 1403 negatoria
755 1317 815 1401 (ad
837 1315 1021 1401 exemplum
1049 1339 1177 1395 earum,
1207 1340 1291 1403 quas

213 1419 254 1486 ad
275 1418 509 1483 usumfructum
523 1416 717 1503 pertinent),
740 1417 1015 1483 confessoris
1035 1416 1090 1493 ci,
1114 1420 1185 1502 qui
1205 1444 1289 1485 ser-

212 1520 376 1585 uitutes
403 1518 488 1583 sibi
517 1527 760 1605 competere
786 1517 1029 1595 contendit,
1062 1522 1291 1605 negatoria

214 1620 410 1695 domino,
431 1617 500 1703 qui
521 1626 689 1704 negat.“

125 1724 209 1788 Non
237 1721 301 1786 huc
330 1719 417 1796 lacit,
439 1740 537 1805 quam
556 1717 655 1784 citant
674 1720 715 1783 L.
738 1722 768 1786 4.
790 1720 821 1802 §-
843 1722 874 1788 7.
895 1720 969 1787 cod.
991 1731 1022 1787 et
1043 1744 1083 1787 ex
1105 1732 1196 1807 parte
1217 1733 1288 1789 tan-

124 1834 197 1888 tum
220 1822 367 1887 rubricae
388 1818 553 1884 titulorum
572 1818 617 1883 D.
641 1820 716 1896 VII,
736 1820 766 1886 6.
790 1834 821 1887 ct
840 1822 931 1899 VIII,
949 1824 989 1889 5..

236 1923 312 2005 Qua
332 1920 367 1985 in
386 1919 462 2005 lege
483 1920 725 2006 interpretanda
745 1922 895 2007 ingentes
918 1924 1123 1991 VuLTHuMu
1153 1936 1288 1992 conatus

127 2046 231 2109 supra
250 2020 493 2108 perspeximus:
523 2021 618 2086 nobis
639 2022 720 2085 nihil
741 2023 830 2088 aliud
850 2046 889 2090 ea
909 2025 1037 2091 uidetur
1058 2049 1131 2093 csse
1154 2051 1287 2113 expres-

128 2146 222 2200 sum,
241 2122 306 2187 nisi
327 2120 489 2208 generalis
511 2120 552 2187 dc
573 2122 754 2187 actionibus
777 2126 895 2190 nostris
918 2128 1053 2212 regula,
1079 2152 1176 2214 quarn
1196 2131 1286 2215 capi-

127 2224 216 2290 tibus
238 2233 361 2289 tantum
382 2244 490 2287 rerum
511 2222 635 2287 attactis
656 2233 777 2289 rectam
798 2248 888 2303 esse,
915 2249 982 2291 non
1005 2238 1053 2293 est
1073 2229 1287 2297 infitiandum.

129 2324 183 2391 Cf.
205 2324 372 2389 Faruzrvs
395 2346 428 2409 p.
449 2322 520 2390 360.
541 2322 637 2390 med..
686 2323 754 2391 Sed
776 2324 849 2409 plus
873 2327 969 2393 etiam
990 2331 1207 2397 concedamus
1230 2332 1288 2398 ad-

128 2424 282 2490 uersariis
313 2424 452 2501 nostris,
482 2424 633 2489 sustineri
654 2446 763 2510 posse,
788 2428 877 2511 quod
898 2428 1019 2495 indicat
1039 2431 1288 2512 Tnnoamnva

130 2525 312 2613 posteriore
340 2536 487 2611 tempore
512 2525 580 2591 uim
608 2536 640 2593 et
671 2526 822 2593 effectum
844 2517 1007 2595 actionum
1031 2532 1187 2619 imprimis
1215 2556 1287 2601 osse

132 2627 392 2693 consideratumz
424 2626 501 2693 hinc
528 2626 614 2691 enim
635 2626 724 2692 nullo
747 2628 846 2695 modo
868 2632 1030 2716 sequitur,
1059 2634 1220 2701 actionem
1247 2636 1287 2702 de

131 2728 203 2792 iure
223 2726 319 2793 altius
338 2749 407 2792 nou
427 2726 564 2799 tollendi
581 2729 814 2793 confessoriam
836 2755 856 2797 a
874 2754 1038 2817 quoquam
1060 2756 1132 2800 esse
1153 2736 1285 2802 nomi-

129 2840 284 2906 natam,
321 2840 354 2893 at
381 2839 468 2903 recte
496 2828 561 2894 dici
589 2830 710 2915 potuit,
749 2831 906 2923 ellectu
939 2856 1031 2899 csse
1064 2837 1285 2903 confosso-

129 2929 251 3006 riam,
279 2928 355 3013 quia
377 2929 501 2995 scilicet
528 2930 715 2995 seruitutem
743 2954 783 2996 ea
802 2932 940 3018 petimus
964 2944 994 2998 et
1018 2934 1058 2999 de
1080 2938 1287 3005 seruitutibus

130 3030 227 3095 nobis
253 3028 371 3095 debitis
397 3030 468 3118 κατ’ι
484 3029 590 3117 ἐξοχήν
611 3032 763 3095 usuuenit
791 3032 874 3097 actio
904 3034 1122 3101 confessorias:
1161 3039 1218 3105 sed
1247 3062 1287 3105 ex

130 3131 517 3225 illoTunoPfflLreffato
537 3130 626 3196 aliud
647 3130 825 3216 quidquam
848 3155 960 3199 eruere
983 3135 1045 3199 nisi
1065 3144 1146 3221 θὲμα
1167 3152 1286 3227 θεωρη.

129 3230 224 3307 assia,
245 3232 393 3319 iniquum
414 3241 473 3297 est.
