3067 5117
236 500 375 585 quirem
391 509 477 567 tenet
494 499 547 602 nol
565 502 789 570 consentiente
804 504 984 592 paullisper
997 503 1099 571 altero
1120 503 1174 572 uel
1187 502 1397 593 possessorio

236 600 399 674 instituto,
425 601 470 668 ita
492 615 662 669 utcontra
690 605 796 691 ipsum
821 607 902 671 alter
932 607 1097 672 actionem
1125 628 1216 672 suam
1246 605 1399 694 petitoris

236 703 368 768 nomine
397 703 528 790 dirigat:
557 706 591 770 in
617 705 715 770 rebus
737 729 817 772 uero
837 706 1098 794 incorporalibus
1120 729 1194 772 eum
1216 729 1396 794 possessu-

235 828 304 870 rem
321 828 488 883 uocemus,
509 806 563 892 qui
584 817 701 872 statum
721 805 862 892 aliquem
884 807 1084 873 obtinentem
1097 819 1206 894 potest
1217 806 1310 884 tueri,
1332 807 1397 872 do-

236 929 298 972 nec
328 907 415 994 apud
444 907 585 972 iudicem
616 931 669 972 res
700 918 771 972 acta
799 908 859 985 sit,
902 908 973 974 siue
999 920 1090 974 autor
1106 909 1196 994 ipsc,
1227 907 1298 972 siue
1318 931 1397 972 reus

237 1007 441 1094 exsistat.⁶⁸)
483 1009 527 1074 Et
549 1009 630 1074 baec
660 1007 741 1074 ratio
772 1008 883 1073 subest
922 1009 964 1074 L.
985 1011 1016 1077 5.
1037 1010 1069 1094 S.
1093 1010 1140 1078 10.
1162 1009 1204 1074 de
1226 1008 1270 1074 Ο.
1292 1007 1332 1072 Ν.
1350 1007 1396 1071 Ν.

237 1109 442 1174 multitariam
466 1110 674 1176 sollicitatae:

318 1211 536 1286 „Meminisse
566 1224 671 1276 autem
700 1211 881 1298 oportebit,
927 1210 1077 1296 quotiens
1109 1211 1183 1297 quis
1212 1212 1247 1276 in
1281 1221 1396 1277 nostro

318 1311 489 1376 aedificare
523 1311 576 1377 uel
610 1311 644 1375 in
677 1323 822 1404 nostrum
851 1312 1022 1378 immittere
1048 1312 1101 1378 uel
1127 1313 1288 1399 proiicerc
1312 1313 1397 1389 uult,

317 1411 432 1478 melius
468 1433 559 1489 esse,
595 1435 668 1476 curn
703 1436 762 1498 per
791 1415 982 1479 Praetorem
1013 1412 1067 1476 uel
1096 1435 1155 1500 per
1181 1437 1312 1478 manum
1346 1413 1397 1492 (id

317 1528 366 1582 est
391 1511 495 1601 lapilli
516 1512 628 1597 ictum)
665 1511 857 1598 prohibere,
897 1534 994 1597 quam
1018 1515 1060 1578 (l.
1081 1514 1124 1578 N.
1145 1513 1206 1578 N.:
1250 1525 1396 1578 ceterum

321 1617 396 1705 [boc
419 1626 484 1680 est:
515 1612 625 1678 alias
647 1610 765 1698 enim]
805 1612 848 1677 0.
869 1613 910 1676 Ν.
931 1613 973 1678 Ν.
997 1635 1224 1700 possessorem
1247 1635 1322 1678 eum
1344 1613 1397 1678 la-

317 1719 450 1792 ciemus,
471 1713 524 1779 cui
544 1714 840 1780 nunciauerimus.“

341 1817 478 1885 Minime
496 1837 574 1880 uero
593 1814 653 1880 bac
675 1825 786 1881 nostra
806 1816 1023 1903 explicatione
1044 1816 1237 1903 impeditur,
1266 1816 1399 1903 quomi-

238 1947 299 1988 nus
322 1942 415 1996 reus,
438 1919 467 1982 si
488 1915 583 1981 simul
605 1937 779 2002 possessor
798 1917 856 1993 sit,
878 1917 977 2004 pleno
998 1917 1201 2004 possessoris
1222 1919 1399 1984 commodo

238 2035 353 2100 utatur,
375 2019 469 2107 quale
492 2030 540 2084 cst
560 2018 594 2082 in
615 2018 663 2084 rei
683 2017 915 2095 uindicatione,
936 2030 968 2084 et
986 2018 1068 2084 baec
1088 2018 1235 2084 conditio
1257 2019 1291 2083 in
1310 2018 1399 2106 legi-

237 2127 298 2192 bus
322 2125 366 2189 ita
393 2121 609 2208 significatur:
644 2121 945 2205 „possessoris
966 2131 1108 2206 partes
1139 2121 1397 2186 sustinere.“

239 2227 291 2293 Cf.
314 2227 355 2290 L.
375 2225 405 2290 8.
427 2227 458 2307 §-
479 2225 509 2290 3.
533 2221 560 2284 si
582 2243 678 2285 seru..

343 2325 429 2390 Huic
450 2322 636 2410 oppositum
658 2331 716 2398 cst,
739 2321 829 2407 quod
849 2321 967 2388 dicitur
996 2320 1230 2408 „petitoris
1252 2336 1399 2410 partes

239 2428 468 2495 sustinere.
479 2433 499 2463 ‘⁴
554 2425 731 2490 Petitorem
760 2420 882 2507 ubique
921 2423 985 2488 dici
1026 2432 1170 2488 actorem
1202 2435 1234 2490 et
1266 2424 1398 2512 legibus

239 2541 366 2596 constat
405 2527 501 2592 uelut
524 2527 564 2591 L.
587 2529 617 2592 7.
646 2525 677 2609 §.
700 2525 730 2591 5.
754 2524 796 2590 de
815 2524 872 2589 lib.
895 2548 983 2590 caus.
1016 2523 1187 2606 (XXXX,
1212 2528 1293 2609 12),
1340 2528 1400 2593 ubi

240 2630 353 2696 cadem
382 2649 523 2713 persona
551 2637 685 2710 utraque
714 2648 798 2690 uoce
825 2626 1043 2712 significatur,
1077 2637 1109 2690 et
1139 2625 1173 2690 in
1206 2626 1278 2713 ipsa
1303 2627 1399 2692 uerbi

241 2730 374 2796 notione
397 2730 496 2794 inest:
521 2751 595 2792 nam
615 2727 669 2812 qui
691 2727 740 2792 ius
764 2727 907 2803 affectat,
937 2727 1025 2812 quud
1047 2749 1114 2792 non
1136 2727 1251 2805 habet,
1277 2730 1331 2794 uel
1353 2731 1401 2794 ita

239 2833 346 2908 habet,
368 2842 403 2896 ut
426 2852 558 2895 securus
581 2849 653 2894 csse
683 2825 746 2890 sibi
764 2849 832 2891 non
852 2827 1018 2906 uideatur,
1046 2827 1074 2892 is
1101 2828 1229 2894 actione
1256 2827 1319 2892 hoo
1346 2827 1400 2892 ius

239 2945 350 3020 petere
372 2929 512 2996 debebit.

342 3032 496 3117 Denique
518 3028 663 3114 quaestio
685 3029 737 3104 fit,
769 3051 866 3114 quum
886 3039 1054 3114 praeterea
1073 3029 1141 3094 uim
1160 3027 1277 3094 habeat
1298 3027 1402 3093 illud:

241 3133 473 3222 „petitoris
501 3142 640 3218 partes
670 3130 929 3205 sustinere‚“
952 3139 983 3192 et
1014 3129 1055 3192 L.
1085 3129 1136 3195 62.
1167 3130 1208 3196 de
1236 3130 1304 3194 ind.
1334 3153 1398 3216 pro

240 3242 423 3323 „partes“
451 3232 572 3298 dictum
593 3254 665 3296 esse
691 3237 863 3308 „onern“
884 3230 948 3294 iam
968 3229 1121 3296 uidimus.
1169 3232 1262 3296 Haec
1291 3244 1403 3297 autem

241 3359 341 3402 onera
364 3334 541 3400 consistere
563 3331 810 3419 inprobatione
831 3353 944 3395 omnes
969 3333 1188 3410 consentiunt,
1213 3343 1246 3398 et
1262 3333 1401 3399 Parlvs

239 3459 360 3524 magno
384 3435 549 3504 doctrinae
570 3435 745 3521 legumque
772 3444 929 3519 apparatu
957 3432 1181 3500 demonstrare
1202 3433 1317 3500 enixus
1339 3446 1400 3499 est.

238 3541 360 3606 Errant
381 3548 499 3613 tamen,
524 3536 634 3622 quiin
658 3535 750 3602 solo
775 3557 876 3600 onere
890 3534 1052 3620 probandi
1069 3535 1290 3602 difficultatem
1311 3535 1401 3600 illius

240 3637 386 3726 petituris
409 3638 605 3704 conditionis
626 3646 740 3725 putant
761 3635 956 3714 consistere,
977 3636 1251 3722 quemadmodum
1270 3637 1335 3701 iarn
1358 3637 1402 3702 L.

239 3739 351 3806 nteit.
365 3739 554 3816 ostenditur,
576 3738 690 3804 ubido
712 3737 957 3814 „oneribus“
980 3738 1097 3802 actoris
1119 3737 1222 3803 uerbo
1242 3738 1334 3802 liunt.
1355 3739 1401 3804 Et

240 3863 318 3906 uere
342 3863 441 3926 quum
463 3863 522 3926 per
547 3839 701 3906 formulas
725 3849 893 3922 ageretur,
924 3838 997 3924 ipsa
1026 3836 1216 3904 sufficientis
1240 3837 1401 3906 formulae

278 4161 323 4225 ΘΒ)
366 4163 472 4213 Indicst
508 4165 578 4214 hunc
613 4163 793 4213 differentiam
844 4162 866 4210 si
886 4175 968 4212 seru..
987 4161 1115 4213 Similiter
1127 4162 1286 4213 Mutunus
1303 4159 1399 4223 §.ltu

239 4259 292 4308 inm
313 4256 532 4310 Gonuornnnvs
561 4257 604 4307 ad.
624 4257 655 4306 L.
674 4253 699 4306 8.
718 4253 744 4320 ᾗ.
767 4252 792 4304 3.
842 4255 869 4304 in
890 4255 974 4304 notis.
