3067 5117
260 391 305 462 94

339 542 464 610 liberos
495 543 648 615 oneribus
683 543 886 613 hereditariis
920 568 988 611 non
1025 556 1142 633 sponte
1173 544 1332 633 susceptis
1369 544 1412 611 li-

339 643 471 724 berare,
500 667 569 711 non
597 646 718 712 inuitos
745 647 787 712 ab
813 644 990 713 hereditate
1010 668 1201 713 remoucrcr
1221 646 1413 731 praesertim

339 747 429 832 quod
454 746 586 815 remotis
615 746 733 814 tabulis
765 746 917 813 secundis
945 748 1121 833 legitimam
1150 746 1283 812 haberet
1304 746 1412 813 fratris

336 849 557 916 hereditatem.
609 849 723 935 Itaque
753 848 864 937 legate
891 848 1057 914 dumtaxat
1078 871 1096 914 e
1117 846 1269 914 secundis
1290 848 1411 913 tabulis

336 952 450 1017 relicta
478 948 636 1036 praestari
665 949 803 1027 debent,
847 949 957 1016 habita
987 948 1113 1015 ratione
1144 948 1344 1015 facultatium
1376 948 1412 1013 in

336 1051 484 1117 Falcidia
507 1074 575 1116 non
596 1052 697 1137 patris
716 1061 753 1117 ut
775 1052 854 1117 alias
878 1050 978 1129 solet,
1001 1049 1059 1115 sed
1081 1048 1291 1135 impuberis.“

359 1152 456 1217 Hanc
477 1151 584 1238 legem
605 1152 661 1237 qui
685 1152 791 1218 adbuc
813 1151 1012 1239 interpretati
1034 1159 1126 1228 sunt,
1148 1150 1181 1215 in
1204 1151 1285 1217 duas
1305 1174 1411 1238 genc-

254 1252 364 1319 raliter
382 1262 490 1339 partes
512 1252 557 1318 ita
576 1252 758 1332 discedunt,
780 1264 816 1319 ut
838 1253 893 1321 alii
921 1252 1167 1317 institutum
1189 1266 1412 1340 utrumque

253 1354 433 1434 tratrem
452 1353 640 1431 dicant,⁰²l
678 1354 734 1420 alii
764 1354 1022 1421 exheredato
1046 1350 1320 1420 substitutum
1340 1356 1411 1422 fu-

253 1454 361 1533 isse,
393 1454 601 1522 contendant.
615 1457 666 1540 Μ)
1457 1443 1462 1449 ’

358 1555 490 1642 Singuli
517 1580 597 1623 uero
624 1580 721 1643 quam
746 1557 854 1625 uarias
882 1556 960 1623 iuris
982 1557 1124 1624 rationes
1147 1556 1188 1622 ad
1209 1558 1412 1625 confirman-

251 1654 312 1721 das
333 1679 408 1723 suas
427 1657 601 1744 opiniones
619 1658 838 1736 excusserint,
868 1659 1046 1725 accuratius
1075 1680 1258 1744 exponere,
1287 1680 1411 1745 operae

251 1780 323 1823 esse
351 1758 491 1844 pretium
517 1784 585 1827 non
607 1760 747 1839 uidetur,
774 1760 883 1846 itaque
901 1761 1008 1849 capita
1029 1782 1137 1825 rerum
1158 1759 1304 1845 tetigisse
1328 1762 1410 1827 satis
1501 1788 1508 1798 ·

250 1860 453 1927 habebimus.

354 1963 463 2045 Quem
488 1961 531 2027 ad
548 1962 647 2029 linem
664 1962 759 2029 inuiti
781 1963 849 2029 fere
870 1963 1037 2051 cogimur,
1066 1973 1101 2027 ut
1122 1960 1218 2027 larius
1241 1986 1261 2027 a
1281 1985 1411 2049 propo-

249 2064 311 2129 sito
345 2063 563 2149 exspatiemur
601 2075 634 2129 et
670 2066 847 2131 remotiora
880 2066 1039 2151 quaedam
1070 2064 1104 2129 in
1137 2086 1232 2129 usum
1257 2074 1410 2131 nocuum

248 2165 487 2231 redhibeamus.

353 2266 450 2353 Opus
473 2276 524 2332 est
543 2267 647 2347 enim,
668 2282 704 2335 ut
723 2270 868 2337 breuiter
888 2269 1083 2344 doceamus,
1110 2265 1188 2354 quid
1210 2265 1411 2353 generaliter

249 2368 395 2443 eueniat,
423 2367 453 2432 si
480 2368 575 2434 heres
597 2371 737 2459 scriptus
759 2370 1004 2460 repudiauerit,
1025 2367 1079 2435 uel
1101 2389 1179 2433 suus
1201 2368 1409 2445 abstinuerit,

248 2468 338 2554 quod
363 2468 428 2533 nisi
444 2470 650 2557 exploratum
677 2474 793 2551 fuerit,
820 2472 908 2539 haud
935 2473 980 2538 ita
999 2470 1093 2537 facile
1115 2469 1246 2556 plenam
1267 2468 1308 2533 <le
1328 2468 1409 2555 lege

246 2582 359 2635 nostra
378 2568 544 2637 iudicandi
564 2573 748 2641 lacultatem
768 2570 971 2640 habebimus.
1010 2572 1086 2654 Qua
1107 2570 1141 2635 iu
1164 2592 1199 2635 re
1221 2570 1409 2655 legatorum

245 2671 425 2758 paullisper
444 2672 535 2739 nullo
547 2687 697 2761 respectu
719 2676 843 2753 habito,
866 2696 1024 2761 quasnam
1045 2670 1255 2737 iureconsulti
1276 2682 1408 2737 ueteres

245 2774 280 2837 in
301 2772 352 2838 his
375 2773 473 2839 rebus
501 2776 643 2842 rationes
668 2776 772 2841 secuti
793 2776 932 2854 luerint,
960 2785 992 2839 et
1018 2794 1102 2858 quae
1129 2770 1207 2837 inde
1232 2771 1408 2837 uideantur

247 2874 415 2959 consequi,
428 2899 535 2961 ‘quam
554 2878 733 2963 poterimus
753 2876 956 2943 strictissime
978 2871 1271 2941 considerabimus.

349 2976 464 3041 Liceat
492 2989 599 3042 autem
629 2978 763 3043 remotis
788 2979 829 3044 de
854 2978 916 3043 hac
945 3000 980 3042 re
1007 2975 1225 3062 posteriorum
1247 2972 1406 3057 disquisi-

245 3077 388 3145 tionibus
410 3076 452 3144 ad
470 3077 562 3164 ipsos
582 3079 689 3146 statim
708 3079 923 3165 Digestorum
949 3077 1042 3143 locos
1073 3075 1251 3162 respicere,
1284 3074 1406 3159 quibus

246 3282 446 3293 α--ι--ι--ι-

280 3400 327 3469 ⁹¹¹)
357 3405 400 3455 Ita
430 3402 597 3454 recentiores
614 3408 719 3454 tanturn
740 3420 798 3455 non
849 3420 921 3456 nam.
947 3402 989 3453 81.
1028 3418 1055 3466 p.
1083 3400 1158 3464 245„
1203 3400 1403 3453 Parrnnorurs

243 3510 353 3546 omnes:
380 3496 636 3547 winemarus
660 3496 693 3546 R.
716 3496 751 3546 Α.
770 3512 796 3560 p.
847 3512 874 3561 p.
899 3495 973 3559 ⁷52,
1008 3496 1152 3545 Marsuas
1185 3490 1210 3558 ἦ.
1238 3490 1280 3543 38.
1310 3510 1339 3545 n.
1369 3493 1404 3557 9.,

241 3585 275 3649 7.,
294 3588 328 3638 Α.
346 3586 380 3640 G.
400 3603 427 3651 p.
447 3585 518 3651 ili,
534 3584 796 3650 Lornnrvsp.334.,
847 3588 981 3639 Wrrrrvs
1017 3601 1044 3648 p.
1072 3585 1149 3648 862„
1186 3586 1403 3637 Vrucnnovrrs

238 3680 441 3731 Horrmrrs
463 3696 490 3744 p.
517 3678 593 3743 372,
621 3681 792 3729 Hrsoarnvs
847 3680 889 3728 ed.
913 3680 936 3728 1.
950 3694 976 3743 p.
998 3674 1066 3727 183..
1119 3676 1216 3727 Plures
1243 3678 1306 3727 uide
1327 3680 1403 3749 apud

238 3770 302 3819 Vol.
325 3770 389 3819 VII.
412 3786 439 3835 p.
466 3770 524 3835 ts,
553 3772 738 3823 Srurnrrsrvs
764 3786 792 3835 p.
844 3772 1021 3821 ursoaxrvn
1039 3785 1066 3833 p.
1088 3766 1140 3819 79..
1185 3768 1336 3830 Vtramque
1358 3783 1402 3817 ra-

239 3861 299 3913 452.
318 3878 345 3912 u.
361 3861 419 3925 28„
442 3864 654 3915 Vaucnnovrvs
682 3865 724 3913 ed.
744 3863 792 3914 VI.
844 3862 947 3912 tionem
978 3860 1049 3910 male
1078 3858 1219 3908 confundit
1242 3859 1401 3909 Mantuanu-

237 3969 264 4017 p.
283 3952 353 4005 214..
400 3954 445 4005 Ex
462 3955 599 4005 ueteribus
621 3956 654 4005 cs.
674 3955 792 4007 Govnr-
843 3966 989 4005 nnvourvs
1008 3968 1035 4031 p.
1055 3948 1123 4001 443..
1163 3952 1206 3999 Dc
1225 3950 1331 4013 pupillo
1354 3952 1400 4001 uel

238 4058 292 4094 urs
309 4061 335 4108 p.
355 4042 422 4095 133..
844 4045 1012 4094 exheredato
1047 4044 1092 4091 uel
1125 4043 1171 4105 qni
1201 4056 1231 4089 se
1261 4042 1401 4105 abstinuit,

293 4132 339 4199 ⁹⁸)
382 4138 426 4187 lta
466 4137 611 4201 praecipue
649 4138 791 4188 Cvmcrvs
842 4137 926 4186 uerba
951 4134 1023 4197 fieri,
1042 4134 1172 4197 proponit
1192 4132 1322 4184 Vmerus
1343 4134 1399 4183 Ca·

235 4243 262 4291 p.
298 4226 356 4291 84„
400 4228 527 4279 Cunsrvs
565 4231 596 4279 L.
633 4230 656 4279 Ι.
696 4243 718 4278 e.
747 4226 790 4279 15.
842 4240 948 4279 aorrvs
968 4226 1026 4279 Lib.
1047 4226 1085 4276 11.
1108 4222 1192 4280 aaa.
1214 4240 1240 4289 p.
1263 4224 1331 4276 tio..

235 4335 262 4383 p.
297 4317 351 4384 74,
385 4320 554 4372 Pormnnrs
587 4319 744 4384 XXVIIII,
762 4320 789 4375 2.
