3067 5117
662 1313 779 1361 GAPVT
800 1313 1003 1363 SECVNDVM.

258 1510 676 1603 QVEMADMODVM
728 1516 785 1591 IN
828 1517 1187 1599 DVPLICICIBVS
1228 1524 1417 1605 TESTA-

334 1672 529 1752 MENTIS
583 1674 820 1752 INEVNDA
865 1676 945 1753 SIT
988 1676 1146 1755 RATIO
1172 1680 1327 1759 LEGIS

685 1835 976 1913 FALOIDIAE.

760 2024 903 2036 ⁸—-

790 2151 823 2236 §-
848 2153 879 2219 3.

336 2312 575 2368 nxemeenvn
594 2314 625 2366 n.
644 2310 687 2373 11.
708 2315 733 2387 ς.
752 2310 780 2371 5.
798 2314 833 2365 n.
851 2312 905 2365 nn
925 2312 1007 2366 nne.
1025 2313 1130 2366 nnnc.
1147 2312 1274 2383 (xxxv,
1291 2317 1332 2386 2.)

355 2451 399 2571 In
419 2504 683 2573 antecedentibus
704 2504 852 2591 regulam
878 2502 969 2569 illam
994 2502 1092 2581 iuris,
1123 2528 1189 2591 que
1216 2516 1344 2593 patrem
1373 2506 1413 2572 de

256 2630 316 2674 nuo
337 2609 449 2695 legare
476 2618 629 2674 statutum
659 2618 724 2685 eet,
755 2605 930 2693 attigimus.
985 2605 1082 2673 Vnde
1111 2629 1195 2691 quae
1221 2618 1413 2692 sequuntur,

256 2734 357 2796 quum
378 2708 555 2776 arctissime
577 2732 651 2774 eum
671 2731 798 2773 summa
817 2705 1007 2794 quaestione
1029 2706 1154 2774 anobis
1168 2708 1341 2796 proposita
1356 2732 1412 2776 eo-

255 2812 425 2891 heereant,
449 2834 531 2900 opus
553 2823 620 2890 est,
641 2820 676 2876 ut
698 2808 877 2876 accuratius
898 2808 1032 2895 propria
1059 2809 1266 2897 peregre-pho
1301 2810 1412 2877 conei-

205 2968 208 2973 .
257 2913 420 2980 donentur.
475 2914 584 2997 Quem
615 2912 656 2981 ad
687 2911 787 2977 finem
822 2908 1028 2997 inspicienda
1056 2921 1105 2977 est
1129 2911 1171 2978 L.
1195 2912 1242 2979 ii.
1266 2918 1296 2994 ᾖ.
1317 2913 1348 2980 5.
1371 2911 1412 2977 ad
1520 2969 1521 3000 3

254 3017 339 3103 Leg.
357 3015 460 3095 Fato„
481 3015 538 3081 ubi
554 3014 635 3082 heee
655 3013 826 3102 leguntur:

334 3117 457 3204 „Quod
485 3117 586 3205 uulgo
619 3115 746 3195 dieitur,
766 3115 802 3180 in
822 3113 940 3182 tabulis
961 3116 1062 3203 patrie
1086 3128 1119 3183 et
1135 3116 1195 3183 filii
1214 3140 1313 3183 unam
1332 3114 1410 3184 Fal·
1520 3147 1521 3156 ι

331 3220 450 3287 eidiem
486 3218 626 3297 seruari,
674 3241 773 3304 quem
807 3226 1001 3304 potestatem
1040 3217 1176 3297 habeat,
1232 3217 1411 3285 uidendum

334 3332 393 3392 est.
435 3319 594 3406 Quamuis
623 3320 710 3386 enim
738 3318 947 3397 substitutus,
981 3342 1065 3404 quae
1092 3344 1112 3385 n
1143 3321 1270 3409 pupillo
1299 3320 1412 3388 relicta
1520 3397 1521 3404 ἵ

336 3434 428 3502 sunt,
450 3444 549 3509 quum
569 3418 655 3486 filius
677 3420 773 3487 heres
795 3418 934 3497 exstitit,
962 3431 998 3485 ut
1025 3442 1080 3487 aes
1109 3422 1252 3488 alienum
1280 3420 1410 3509 quodli-

331 3527 387 3593 bet
405 3525 539 3600 debeet‚
561 3532 667 3588 temen
688 3531 893 3609 propterea,
923 3544 1006 3608 quae
1026 3521 1101 3589 dete
1122 3536 1197 3590 eunt
1216 3524 1335 3592 tabulis
1357 3548 1409 3591 ee-

333 3627 466 3704 eundis,
489 3623 721 3691 contributioni
741 3625 833 3691 loeus
861 3636 919 3692 eet
969 3626 1158 3693 Secundum
1178 3651 1262 3713 quae
1291 3625 1409 3715 poterit

333 3728 476 3805 euenire,
498 3750 539 3793 ne
561 3726 749 3792 substitutus
770 3725 944 3814 quiequam
966 3727 1113 3807 retinent,
1135 3728 1189 3795 uel
1210 3730 1287 3815 ιη’)
1308 3729 1409 3813 longe

334 3831 407 3919 plue
428 3828 546 3897 habeat
567 3840 680 3917 quarte
705 3840 860 3915 paternae
888 3828 1088 3895 hereditatis.
1139 3829 1230 3913 Quid
1251 3853 1352 3917 ergo,
1380 3826 1407 3892 ei

332 3957 400 3999 non
421 3933 559 3999 sufficiat
580 3930 698 4019 pupilli
718 3930 881 3999 heredites
909 3930 1050 4018 legatie,
1082 3953 1182 4017 quum
1213 3931 1314 4018 patrie
1340 3928 1406 3994 eui-

251 4121 451 4133 ——n-a-——u

291 4240 316 4310 ⁸)
334 4243 419 4311 „Vel
436 4244 497 4295 ut“
505 4242 651 4306 legendum
662 4254 732 4304 enee,
745 4254 802 4292 non
851 4242 941 4293 tiones
958 4246 1064 4294 tentum
1082 4256 1139 4293 non
1158 4256 1255 4295 omnen
1269 4244 1404 4308 exhibent,

251 4339 404 4413 „uelut,“
423 4338 498 4403 quod
518 4336 597 4387 codd.
615 4350 681 4387 mee.
704 4339 732 4383 et
743 4332 799 4383 edi·
850 4335 899 4385 uix
916 4340 967 4398 eet,
991 4335 1068 4399 qued
1095 4348 1265 4387 moneamus.
