3067 5117
299 420 360 488 234

404 573 489 640 Num
510 573 538 638 si
560 571 698 639 seruitus
718 573 917 639 concedatur
932 573 1040 659 itaque
1059 596 1127 639 non
1148 575 1302 641 uniuersa
1321 575 1452 640 dominii

305 675 461 742 aduersus
493 696 584 739 reum
619 672 751 739 libertas
783 672 982 748 uindicetur,
1015 695 1177 740 summum
1207 675 1288 740 illud
1320 675 1452 740 deficere

306 777 395 842 siunt
416 797 476 862 pro
498 785 605 840 actore
628 783 865 860 argumentum,
887 774 977 859 quod
994 771 1119 839 scilieet
1139 775 1180 840 ad
1203 775 1339 840 dominii
1359 775 1453 839 liber-

306 888 403 944 tatem
432 885 600 962 prouocat.
642 875 710 942 Sed
741 873 822 938 nihil
850 873 1003 960 impedit,
1033 876 1207 961 quominus
1238 889 1328 942 actor
1350 875 1390 940 ad
1412 875 1453 949 id,

304 976 392 1063 quod
414 985 513 1042 restat
532 973 573 1038 de
594 971 742 1038 libertate
761 973 898 1058 praedii,
919 974 953 1039 in
975 997 1040 1060 quo
1060 977 1220 1064 integram
1241 976 1376 1042 dominii
1396 998 1454 1038 no-

304 1081 427 1146 tionem
448 1099 516 1142 non
543 1097 689 1152 cessare,
723 1075 961 1162 perspeximus,
982 1078 1038 1160 (ei.
1065 1101 1164 1164 supra
1188 1080 1220 1161 §-
1240 1081 1318 1163 22),
1343 1076 1455 1142 eodem

304 1179 403 1246 modo
424 1187 599 1264 prouocet,
627 1197 666 1240 ac
687 1175 716 1240 si
736 1175 870 1260 plenum
891 1176 1072 1244 dominium
1093 1179 1296 1257 retinuisset,
1318 1188 1352 1244 et
1371 1177 1456 1243 casui

304 1281 413 1368 potius
442 1276 692 1344 adscribendum
719 1277 865 1353 uidetur,
903 1278 993 1363 quod
1019 1303 1086 1346 una
1112 1282 1292 1366 eademque
1319 1300 1458 1364 persona

304 1391 391 1450 reete
414 1388 562 1446 exerceat
583 1376 671 1442 aliud
698 1375 767 1456 ius,
798 1379 887 1444 aliud
910 1380 1029 1446 iniuria
1049 1381 1111 1447 sibi
1139 1392 1278 1468 arroget.
1303 1417 1345 1428 -
1383 1378 1457 1453 Alii,

305 1481 464 1570 quiahoc
485 1502 563 1548 casu
584 1479 721 1544 affirmet
741 1478 865 1564 aliquid
886 1492 987 1558 actor,
1008 1493 1143 1568 propter
1165 1483 1356 1569 generalem
1375 1481 1459 1544 iilam

306 1583 453 1671 regulam
485 1629 506 1659 „
515 1579 686 1646 affirmanti
707 1580 895 1648 incumbere
917 1582 1173 1668 probationem“
1203 1581 1411 1671 probandum
1432 1580 1460 1644 ei

305 1708 378 1754 esse
398 1691 602 1758 censuerunt,
624 1682 913 1768 praeteruidentes,
934 1683 1024 1768 quod
1042 1707 1159 1750 reuera
1178 1685 1315 1750 affirmat
1330 1694 1459 1757 tautum,

305 1795 463 1874 quatenus
485 1780 627 1860 exsistit,
650 1783 856 1861 seruitutem,
892 1783 982 1869 quod
1007 1786 1082 1872 plus
1105 1785 1169 1850 sibi
1192 1796 1326 1871 arrogat
1347 1783 1459 1850 aduer-

306 1887 428 1963 sarius,
461 1905 528 1948 non
550 1882 641 1948 aliter
661 1894 778 1970 negat,
802 1896 898 1970 atque
918 1885 953 1949 in
973 1907 1013 1952 ea
1032 1886 1161 1952 actione
1182 1887 1372 1973 negatoria,
1401 1907 1461 1969 qua

307 2008 404 2054 omne
425 1983 473 2051 rei
494 1984 544 2048 ius
566 1983 785 2073 impugnatur.

410 2085 564 2172 Denique
597 2109 639 2152 ex
667 2087 821 2173 analogia
854 2111 895 2154 eo
922 2101 1204 2174 prouocauerunt,
1247 2089 1339 2176 quod
1367 2085 1461 2153 debiti

307 2189 468 2256 confessio
507 2211 547 2253 ex
584 2198 675 2274 parte
706 2188 792 2254 faeta
831 2190 1129 2276 praesumptionem
1177 2191 1310 2256 inducat
1355 2200 1462 2254 eontra

308 2290 542 2358 concedentem
564 2291 618 2374 (L.
639 2291 670 2356 9.
690 2291 722 2374 §.
745 2292 773 2358 1.
797 2287 837 2354 C.
856 2289 897 2355 de
920 2300 992 2356 test.
1016 2292 1102 2374 (ΠΗ,
1123 2293 1208 2378 te),
1236 2293 1277 2356 L.
1299 2293 1333 2357 4.
1362 2288 1402 2354 0.
1423 2288 1460 2352 de
1532 2346 1533 2349 ,

309 2391 437 2457 edendo
496 2391 567 2474 (11,
610 2392 680 2474 l-J,
736 2389 776 2456 ef.
817 2391 931 2456 Heus.
969 2389 1116 2458 Cnmsr.
1169 2387 1462 2462 smmunmcns

413 2592 482 2662 Sed
511 2615 572 2658 nec
599 2591 692 2680 leges
725 2592 841 2661 allatae
869 2593 1168 2682 praesumptionem
1194 2597 1288 2662 istam
1318 2617 1462 2683 pronun·

308 2695 405 2772 tiant,
436 2717 498 2759 nee
525 2693 625 2760 debiti
660 2705 776 2761 natura
803 2719 876 2762 eam
902 2699 1087 2763 confirmat:
1119 2720 1234 2763 uerum
1262 2698 1366 2764 debiti
1391 2719 1461 2784 pars

308 2819 375 2861 non
400 2818 557 2862 concessa
575 2819 635 2881 pre
657 2809 777 2883 negata
796 2795 948 2864 habenda
968 2811 1028 2864 est.
1070 2795 1122 2862 Cf.
1141 2800 1299 2865 Krunrvs
1329 2824 1363 2886 p.
1384 2799 1460 2874 ⁶205,

307 2899 559 2965 Vomsscmvs
578 2899 632 2982 ὃς.
654 2899 795 2976 16-18.,
835 2900 1140 2967 Wmssesnnnnvs
1161 2924 1194 2986 p.
1216 2903 1299 2968 299..

410 3021 455 3086 Et
474 3019 525 3084 his
546 3021 662 3115 'itaque
686 3021 843 3087 absolutis
865 3022 907 3088 ad
926 3022 1075 3089 locorum
1100 3023 1135 3088 iu
1157 3023 1363 3108 'contrariam
1391 3045 1462 3088 sen-

309 3122 442 3188 tentiam
464 3122 634 3188 allatorum
655 3123 887 3190 accuratiorem
906 3123 1204 3213 interpretationem
1224 3135 1439 3190 transeamus.
