3067 5117
1229 400 1273 471 re

116 560 233 648 pun,
262 559 324 626 son
347 558 418 628 sm
445 556 601 625 soenes
622 579 706 625 aa.
744 556 828 625 uem
854 558 896 627 u.
918 556 970 625 aa.
991 532 1024 640 s.
1046 556 1077 624 1.
1103 552 1185 623 aaa
1205 561 1271 621 a..

12 719 13 742 ,
117 671 258 729 matur:

193 761 298 841 „Plus
330 784 393 849 ego
425 761 461 826 in
488 761 605 836 fratre,
645 758 702 844 qui
726 780 827 845 quum
854 758 948 826 heres
977 757 1151 825 exaudiret
1178 755 1273 843 patri,

193 862 425 929 exheredatum
452 862 583 929 fratrem
601 860 757 927 heredem
780 860 934 939 instituit,
960 859 1090 945 accepi,
1118 856 1274 922 substitu-

195 975 266 1029 tum
286 963 357 1029 eius
378 963 523 1049 legatum
542 984 612 1031 nou
632 962 769 1040 debere.
788 984 829 1035 uo
849 984 891 1027 na
913 960 1056 1046 quidem,
1075 959 1103 1024 si
1123 958 1273 1047 intestato

192 1063 285 1129 fratri
312 1064 520 1140 successerit,
549 1062 626 1149 quia
647 1085 716 1127 non
737 1063 959 1150 principaliter
985 1062 1044 1129 sed
1064 1082 1124 1148 per
1144 1080 1275 1125 succes-

194 1168 325 1234 sionem
344 1165 434 1231 bona
452 1164 559 1230 fratris
581 1164 624 1229 ad
645 1185 720 1229 eum
743 1172 996 1251 peruenerunt.“

217 1268 288 1333 Res
310 1278 359 1333 est
378 1267 494 1333 eadem
512 1275 609 1351 atque
629 1264 666 1334 iu
684 1266 847 1354 principio
865 1264 961 1331 huius
983 1264 1078 1351 legis,
1101 1264 1165 1329 nisi
1187 1264 1276 1350 quod

115 1392 182 1434 non
205 1378 378 1435 extraneus
395 1367 510 1443 Seius,
533 1365 593 1433 sed
611 1366 711 1433 irater
731 1368 836 1457 pubes
856 1366 910 1433 uel
938 1376 1025 1433 certe
1047 1365 1151 1451 pubes
1173 1366 1276 1433 factus

115 1470 194 1535 dum
226 1470 326 1535 irater
352 1468 569 1536 exheredatus
596 1468 744 1535 noudum
771 1469 806 1534 in
835 1490 894 1535 sua
916 1476 965 1533 cst
996 1465 1117 1545 tutela,
1141 1468 1278 1535 heresa

114 1582 207 1661 patre
235 1570 400 1635 institutus
430 1580 495 1647 est,
524 1570 660 1656 eiusque
679 1570 769 1635 bona
799 1591 867 1634 non
891 1568 932 1633 ab
954 1566 1118 1645 intestato,
1138 1568 1198 1638 sed
1216 1590 1277 1655 per

115 1695 267 1739 caussam
298 1671 571 1736 testamentariam
601 1670 642 1736 ad
665 1671 795 1737 fratrem
817 1668 974 1757 pupillum
994 1668 1199 1755 perueniunt.
1239 1669 1278 1735 In

115 1774 181 1839 fine
203 1781 376 1848 tractatur,
410 1770 500 1857 quod
532 1784 629 1837 antea
649 1772 809 1851 uidimus,
842 1771 871 1837 si
893 1770 1106 1837 exheredatus
1129 1770 1169 1835 ab
1192 1770 1276 1836 inte·

115 1883 199 1939 stato
220 1871 313 1937 fratri
338 1871 434 1937 heres
464 1872 639 1951 exstiterit,
669 1885 701 1939 et
731 1874 839 1939 eidem
866 1883 962 1961 atque
992 1881 1087 1938 antea
1117 1869 1277 1938 decisioni

116 1972 256 2039 eandem
275 1994 348 2038 esse
367 1973 528 2039 rationem
549 1974 692 2041 additam
712 1974 944 2061 intelligimus,
979 1972 1069 2061 quod
1100 1995 1167 2039 non
1185 1973 1277 2065 prin..

116 2074 265 2164 cipaliter
284 2073 385 2163 patris
405 2073 496 2141 bona
515 2075 557 2141 ad
577 2075 808 2143 exheredatum
828 2074 1049 2165 peruenerint.

6 2259 7 2262 ,
220 2192 262 2259 In
284 2201 352 2257 tota
371 2192 481 2279 itaque
501 2192 563 2260 hac
581 2194 772 2283 quaestione
793 2194 1003 2283 disquirendo
1021 2194 1173 2277 uidimus,
1189 2218 1277 2265 sem·

6 2321 7 2326 ¹
115 2317 175 2382 per
202 2316 276 2363 esse
309 2293 569 2376 obseruandum,
599 2318 692 2363 num
728 2295 831 2386 quid
853 2296 900 2363 ad
920 2295 1127 2383 pupillum
1149 2297 1277 2365 exhe-

6 2431 7 2440 2
115 2396 314 2466 redarum
335 2395 409 2464 uel
431 2394 712 2467 substitutum
741 2396 831 2466 eius
860 2418 908 2461 ex
929 2392 1071 2483 patria
1095 2396 1277 2468 heredi-

6 2489 7 2514 l
116 2508 201 2564 tate
220 2496 487 2583 peruenerit,
508 2506 547 2565 et
568 2498 603 2561 si
623 2497 893 2587 peruenerit,
913 2520 1006 2563 uum
1027 2494 1119 2585 ipsa
1138 2510 1277 2567 testa-

5 2597 6 2637 ³
115 2599 224 2664 toris
244 2596 468 2663 uoluntate
489 2620 538 2662 an
565 2598 649 2663 alio
679 2600 870 2685 quolibet
890 2597 1014 2666 modo
1036 2598 1193 2669 factum
1212 2602 1277 2669 sit.

5 2727 6 2786 ἦ
113 2698 248 2765 Deinde
269 2720 348 2769 uero
372 2697 639 2786 distinguendum
662 2712 734 2779 est,
764 2711 872 2769 utrum
893 2722 935 2765 ex
948 2722 1027 2765 asse
1049 2700 1103 2769 uel
1126 2724 1168 2771 ex
1187 2713 1279 2791 parte

5 2789 6 2834 l
113 2799 343 2867 hereditas
362 2799 465 2887 patris
488 2800 529 2865 ad
550 2802 711 2890 pupillum
736 2802 791 2869 uel
821 2801 1028 2868 substitutum
1048 2802 1118 2869 eius
1141 2806 1279 2873 hausis-

5 2975 6 2984 ,
113 2902 166 2979 rit,
192 2924 236 2967 an
255 2900 392 2987 legati
413 2910 579 2967 tantum
599 2902 768 2969 nomine
791 2901 914 2989 aliquid
934 2902 975 2969 iis
997 2904 1180 2974 accesserit.

219 3022 267 3091 Et
292 3018 514 3105 siquidem
547 3020 773 3088 uoluntate
802 3022 1028 3091 testatoris
1061 3046 1106 3093 ac
1134 3025 1176 3093 ui
1212 3036 1278 3092 te-

115 3122 313 3193 stamenti
339 3120 430 3191 eius
457 3120 679 3188 hereditas
711 3132 799 3191 tota
824 3123 893 3190 uel
927 3146 975 3191 ex
1003 3134 1122 3212 parte
1150 3118 1198 3193 ad
1220 3125 1280 3194 al-

115 3234 327 3293 terutrum
346 3222 576 3309 pertineat,
606 3213 770 3311 semper
791 3224 1007 3311 cogendus
1028 3233 1094 3290 est
1115 3222 1280 3291 substi-

116 3336 253 3403 tutus,
289 3335 331 3389 ut
356 3324 505 3411 legata
530 3324 825 3412 undequaque
853 3326 1006 3392 relicta
1033 3324 1281 3392 contribuat

115 3437 308 3511 utusque
327 3426 375 3493 ad
397 3426 652 3496 dodrantem
675 3427 785 3505 eius,
807 3429 918 3513 quod
935 3428 1071 3515 patris
1092 3426 1137 3493 de
1156 3426 1281 3497 bonis

115 3527 167 3595 ad
187 3527 330 3614 ipsum
348 3529 619 3615 peruenerit,
639 3528 869 3616 legatariis
890 3539 1085 3616 praestet.

223 3645 351 3725 Porro,
374 3648 408 3714 si
434 3648 617 3735 legatum
635 3648 865 3715 uoluntate
892 3647 1045 3734 patris
1074 3644 1284 3713 alterutri

117 3747 370 3827 obuenerit,
399 3749 564 3837 legatie
596 3772 672 3817 nec
701 3747 986 3819 exheredatus
1013 3770 1092 3817 nec
1121 3746 1283 3817 substi-

116 3859 234 3913 tutus
257 3848 348 3914 eius
370 3871 550 3936 unquam
574 3849 820 3926 tenebitur,
840 3848 1170 3916 fideicommissa
1191 3870 1283 3913 ero·

118 3972 227 4038 gare
243 3950 363 4016 saluo
385 3950 614 4036 quadrante
635 3960 864 4037 cogentur.

223 4066 395 4154 Denique,
418 4070 454 4134 si
472 4068 572 4155 lege
597 4068 762 4157 aliqua,
785 4068 858 4135 uel
878 4090 954 4156 per
980 4069 1285 4157 interpositam

5 4235 6 4252 ,
118 4190 344 4257 personam
378 4169 447 4236 uel
480 4170 565 4236 alio
601 4171 793 4258 quolibet
819 4172 939 4237 modo
980 4170 1185 4259 pupillus
1214 4170 1284 4237 uel

5 4295 6 4348 ᾗ
120 4270 378 4338 substitutus
420 4271 976 4364 acceperitbonapaterna,
1017 4294 1183 4360 semper
1224 4270 1284 4339 ita
