3067 5117
307 407 369 477 208

308 583 340 644 p.
361 562 390 626 7.
412 561 453 626 8..
494 561 560 627 Alii
580 571 648 626 tum
665 561 796 627 demum
817 563 918 628 actori
940 561 1156 647 iniungebant
1176 561 1410 648 probationem,
1432 561 1457 623 si

308 661 358 735 ui,
381 661 474 737 clam,
497 662 656 748 precaria,
679 673 733 726 aut
754 673 859 746 certe,
888 663 916 728 si
937 661 970 726 ui
992 663 1046 727 uel
1069 663 1153 727 clam
1175 663 1393 728 aduersarium
1411 663 1456 724 di-

308 762 407 826 xisset
430 761 610 847 possidere.
630 761 681 827 Cf.
702 765 889 829 Kuorrrtrvs
910 787 938 828 e.
959 766 1017 829 lll.
1040 766 1071 847 §.
1092 767 1143 841 29,
1173 765 1228 849 qui
1249 765 1283 828 in
1301 765 1457 848 sequenti-

309 863 368 926 bus
400 865 494 927 etiam
523 861 602 927 alias
631 865 803 950 proposuit
826 864 1036 949 exceptiones
1078 887 1145 927 non
1186 865 1293 928 minus
1329 865 1458 949 ineptas.

309 962 433 1028 Contra
455 965 712 1030 llnruusnurvs
734 966 825 1048 §.th
838 966 899 1043 26,
931 967 1192 1030 Hvrnnauurrs
1213 989 1246 1050 p.
1263 969 1326 1043 22,
1348 967 1459 1032 Vosn-

308 1083 455 1130 saerrrvs
477 1065 509 1147 §-
531 1066 591 1132 12..
1186 1073 1189 1077 ’

412 1167 506 1249 Quae
528 1165 637 1230 omnia
656 1163 804 1250 pluribus
826 1189 1003 1254 exponere,
1026 1167 1163 1252 longum
1185 1179 1245 1244 est,
1266 1169 1460 1253 praesertim,

309 1291 407 1354 quum
428 1289 487 1352 pro
520 1277 631 1331 nostra
663 1277 749 1332 certe
774 1267 935 1333 sententia
961 1267 1042 1330 nihil
1066 1269 1119 1332 uel
1141 1269 1324 1354 paullulum
1347 1281 1461 1333 tantum

308 1368 383 1432 addi
405 1369 509 1453 possit
530 1367 571 1430 ad
594 1367 760 1452 egregiam
781 1371 944 1434 uariarum
962 1369 1155 1454 opinionum
1177 1371 1461 1443 enumerationem,

308 1493 404 1554 quam
435 1479 467 1533 et
489 1468 783 1546 iureconsultorum
804 1470 931 1554 scriptis
961 1481 993 1534 et
1021 1471 1116 1555 praxi
1137 1471 1355 1535 consideratis
1377 1470 1461 1536 exhi-

308 1570 375 1632 buit
399 1571 657 1634 llvraLauurvs
679 1593 711 1656 p.
732 1571 869 1636 8-34..
909 1570 1013 1635 Nobis
1035 1571 1144 1655 itaque
1168 1593 1223 1636 cas
1243 1582 1368 1635 tantum
1392 1593 1460 1634 sen-

307 1671 422 1734 tentias
457 1671 571 1736 afferre
603 1693 725 1755 eosque
759 1672 934 1756 scriptores
968 1673 1137 1736 nominare
1171 1694 1269 1737 curae
1304 1671 1383 1746 tuit,
1413 1669 1462 1754 qui

307 1783 383 1857 post
405 1773 674 1838 Hmraaunrvu
695 1774 905 1849 exstiterunt,
928 1773 962 1835 id
991 1774 1081 1858 quod
1110 1774 1143 1836 in
1166 1771 1353 1856 insequenti
1374 1794 1460 1856 para-

308 1871 451 1958 grapho,
490 1895 587 1956 quam
619 1873 797 1958 poterimus
825 1874 1065 1938 accuratissime
1093 1873 1274 1957 exigemus.
1331 1873 1385 1936 De
1416 1873 1460 1945 iis,

308 1997 392 2058 quae
413 1973 473 2038 huc
497 1974 702 2060 paragrapho
726 1985 859 2039 tractata
880 1986 967 2052 sunt,
988 1976 1111 2040 uidcsis
1136 1976 1231 2039 ctiam
1242 1977 1460 2040 Mrrrsastsr·

311 2095 409 2141 sarm
431 2099 462 2162 p.
486 2075 642 2141 asa—88.
665 2085 696 2139 et
716 2075 933 2140 Fnaucurvnr
950 2101 982 2161 p.
1006 2079 1140 2143 l—-l3..

842 2670 941 2753 §.aa

312 2823 337 2880 2.
365 2835 537 2886 cotsrscrt's
555 2834 734 2886 scalmorum
753 2833 821 2883 Posr
837 2807 1049 2883 mutatum
1066 2832 1104 2883 DE
1125 2831 1304 2886 QVAESTIONE
1321 2828 1463 2881 Psorosul

804 2939 977 2990 metuuntur.

417 3101 454 3164 Iu
484 3100 727 3166 enumeratione
764 3098 826 3164 hae
854 3099 1060 3185 paragrapho
1089 3097 1232 3163 exhibita
1252 3096 1340 3160 hano
1367 3095 1462 3179 legem
1526 3160 1527 3175 2

314 3203 415 3266 secuti
439 3225 568 3276 sumus,
592 3212 627 3264 ut
648 3199 794 3285 scriptis,
819 3224 901 3285 quae
924 3202 1161 3287 cognouimus,
1184 3209 1259 3286 post
1279 3199 1461 3261 Hvrumr-
1526 3258 1527 3291 3

312 3323 405 3367 urvnr
427 3302 577 3367 exhibitis
600 3302 633 3365 in
654 3323 791 3387 magnas
813 3301 893 3366 duas
915 3315 1022 3388 partes
1045 3302 1182 3387 digestis
1208 3300 1316 3386 primo
1339 3299 1409 3360 loco
1431 3317 1463 3356 ca
1526 3294 1527 3343 l

313 3403 525 3481 attulerimus,
539 3426 621 3488 quae
634 3413 778 3467 nostram
792 3414 941 3467 tueantur
954 3403 1157 3475 sententiam,
1177 3412 1345 3477 „actorem
1356 3398 1461 3460 immu-

312 3527 387 3568 nem
408 3527 480 3569 csse
513 3504 552 3569 ab
582 3527 681 3568 onere
705 3504 895 3589 probandae
926 3506 973 3569 rei
1007 3528 1085 3571 suae
1116 3502 1322 3577 libertatis‚“
1356 3496 1461 3561 deinde

312 3605 493 3670 contrariae
517 3603 681 3691 opinionis
705 3604 894 3670 defensores
916 3606 1204 3671 nominauerimus.

419 3709 530 3790 Quum
554 3730 633 3771 uero
659 3730 699 3771 ex
720 3705 854 3792 uulgata
873 3707 990 3771 horum
1009 3707 1136 3772 ratione
1156 3709 1326 3794 possessio
1350 3715 1461 3772 tautum

315 3811 355 3874 ab
378 3833 476 3874 onere
498 3807 687 3895 probandae
709 3808 873 3873 seruitutis
894 3832 986 3873 reum
1007 3808 1140 3886 liberet,
1174 3833 1249 3886 eos,
1283 3810 1340 3895 qui
1364 3808 1460 3870 ‹liuer-

315 3935 367 3976 sas
396 3912 492 3977 etiam
523 3911 557 3973 in
586 3919 693 3995 partes
721 3910 761 3974 ab
790 3909 851 3974 hae
880 3910 1036 3996 opinione
1065 3909 1295 3989 discesserunt,
1320 3908 1460 3976 asterisco

316 4012 456 4098 signaui,
479 4014 510 4094 ὃ.
530 4013 580 4079 22.
603 4011 733 4095 singula
755 4011 973 4096 expositurus.
1525 4074 1526 4095 χ

421 4114 509 4176 Inter
536 4111 626 4196 ipsos
658 4111 698 4175 de
725 4123 841 4177 nostra
869 4113 1060 4196 quaestione
1087 4113 1262 4200 scriptores
1287 4113 1332 4177 ita
1357 4107 1460 4174 distin·
1525 4100 1526 4159 l

317 4215 483 4300 guendum
515 4235 586 4278 esse
617 4212 747 4298 putaui,
790 4213 1064 4298 quemadmodum
1101 4215 1134 4279 in
1163 4214 1373 4300 sequentibus
1411 4230 1460 4294 ap·

317 4315 453 4404 parebit.
