3067 5117
264 544 326 612 bus
349 568 370 613 a
391 542 549 613 Cunero
570 542 675 613 allatis
695 541 829 610 minime
848 538 1059 629 reprobetur,
1079 538 1133 609 uel
1146 538 1326 609 certissime
1337 560 1421 607 eoa·

262 647 408 715 firmatur
426 648 468 715 L.
488 650 540 717 73.
562 646 604 713 ud
624 646 709 733 Leg.
730 645 823 713 Folo.
843 643 1013 730 (XXXV,
1032 644 1098 729 2.]z

343 750 410 828 „Et
444 772 487 817 ex
516 748 648 816 diuerso
669 748 698 814 si
718 771 760 815 ex
779 745 820 813 0.
839 746 988 816 LXXV.
1009 746 1180 834 legauerit,
1206 755 1239 813 et
1257 756 1333 813 ante
1347 744 1420 812 adi-

342 862 409 917 tam
436 851 649 919 hereditatem
677 852 712 917 in
753 861 878 917 tantum
906 848 1112 915 decreuerint
1136 847 1247 927 bona,
1286 848 1419 933 (iucen-

344 952 407 1020 diis
428 952 511 1021 lorte
547 964 601 1021 aut
634 952 834 1041 naufragiis,
864 961 921 1019 aut
944 959 1050 1017 morte
1072 951 1274 1037 seruorum),
1295 960 1421 1018 utnon

347 1055 421 1143 plus
443 1078 541 1143 quam
551 1054 792 1135 LXXV.,·uel
812 1053 935 1121 etiam
955 1053 1089 1119 minue
1108 1052 1327 1139 relinquatur,
1348 1075 1420 1118 so-

346 1158 436 1225 lida
454 1158 497 1225 le
504 1168 602 1247 gata
624 1158 801 1225 debenturr
821 1178 885 1223 nee
904 1178 945 1223 ea
964 1178 1018 1222 rea
1036 1154 1197 1221 damnosa
1216 1166 1267 1222 est
1293 1156 1421 1233 heredi,

348 1260 401 1327 oui
420 1258 560 1329 liberum
571 1270 631 1341 est,
652 1282 720 1327 non
734 1258 825 1327 adire
843 1256 1068 1335 hereditatem,
1091 1278 1175 1342 quae
1188 1278 1242 1323 res
1253 1259 1362 1337 etheit,
1383 1269 1423 1325 ut

343 1383 478 1431 neeesse
500 1360 731 1451 sitlegatariis,
752 1385 795 1430 ne
813 1360 968 1429 deeu'tuto
988 1368 1181 1427 testamento
1195 1358 1277 1426 nihil
1299 1382 1421 1427 eonse-

345 1474 500 1554 quantur,
531 1486 606 1531 eum
625 1464 746 1533 herede
773 1465 809 1531 in
825 1463 1011 1552 portionem
1038 1459 1222 1549 legatorum
1241 1461 1397 1550 paoisoi.“

369 1570 465 1653 Quae
497 1565 612 1633 eedem
642 1566 797 1655 leguntur
821 1568 854 1653 S.
875 1570 906 1637 2.
931 1570 959 1635 1.
985 1567 1017 1633 h.
1039 1577 1063 1633 t.
1101 1565 1168 1651 (11,
1188 1567 1273 1648 22),
1310 1587 1423 1651 neque

267 1672 400 1742 omnino
423 1668 627 1737 subscribere
653 1669 727 1756 quie
755 1669 836 1738 uelit
871 1667 1046 1749 Cvrscro,
1084 1667 1142 1755 qui
1172 1676 1311 1753 utroque
1344 1666 1423 1734 loeo

264 1826 286 1859 „
299 1773 437 1844 solida
455 1770 574 1859 leget
586 1778 632 1837 a“
662 1771 704 1839 de
735 1771 886 1840 Falcidia
904 1795 973 1838 non
994 1768 1139 1839 adbibita
1158 1767 1299 1857 intelligi
1321 1791 1424 1856 posse

265 1880 417 1970 opinatus
439 1884 498 1941 eet.
530 1908 531 1915 ι

368 1977 515 2045 Primum
535 1974 645 2063 itaque
666 1975 885 2043 concedamus
907 1998 1044 2044 neeesse
1072 1985 1132 2053 eet,
1154 1974 1301 2042 Cvraen
1318 1975 1423 2041 inter·

264 2081 479 2172 pretationem
488 2090 520 2143 et
534 2090 668 2165 propter
678 2079 804 2157 taleam,
818 2102 883 2165 qua
893 2078 1015 2157 nititur,
1031 2078 1223 2165 opinionem
1241 2091 1272 2147 et
1287 2089 1425 2167 propter

265 2186 332 2251 uim
355 2183 501 2269 ipsorum
523 2180 697 2247 uerborum
717 2180 845 2246 notioni
866 2179 989 2247 illatam
1010 2180 1163 2246 sustineri
1196 2204 1265 2248 nou
1300 2202 1422 2268 posse:

268 2285 364 2352 simul
385 2292 493 2350 eutem
514 2281 594 2369 ipsis
616 2280 698 2361 illie,
721 2304 804 2367 quoe
825 2280 1001 2360 attulimus,
1019 2281 1120 2361 loeis,
1141 2282 1259 2367 quibus
1285 2281 1422 2349 minime

263 2406 448 2476 repugnare
468 2382 560 2469 leges
583 2382 775 2451 anrscro
798 2383 947 2451 insuam
968 2385 1163 2451 seutentiam
1185 2395 1348 2464 attractae,
1367 2385 1423 2449 ui-

264 2493 390 2567 dimus,
412 2486 545 2573 egregie
566 2486 738 2565 doeemur,
767 2487 900 2553 euenire
926 2509 1044 2574 posse,
1074 2497 1110 2553 ut
1134 2487 1297 2553 interdum
1324 2485 1422 2553 heres

264 2593 318 2661 uel
341 2591 382 2657 de
403 2588 470 2655 suis
492 2588 588 2655 bonis
608 2588 717 2675 legate
738 2587 867 2655 soluere
895 2600 1048 2676 cogatur:
1083 2611 1191 2675 neque
1222 2589 1323 2655 ullam
1355 2587 1423 2654 hoe

263 2704 413 2782 respectu
442 2690 525 2756 inter
559 2686 700 2774 primum
732 2699 763 2755 et
801 2690 1008 2757 substitutum
1031 2690 1188 2759 heredem
1218 2690 1423 2757 intercedere

263 2792 498 2868 differentiam,
527 2812 626 2875 quum
646 2813 706 2877 per
727 2812 763 2857 se
790 2791 961 2879 probabile
983 2793 1044 2873 sit,
1071 2793 1253 2859 luculenter
1281 2792 1422 2859 demon-

264 2894 378 2965 strauit
395 2896 688 2962 Bsnusronnsrvs
709 2914 742 2979 p.
764 2895 855 2961 145..

366 2996 502 3085 Duplex
521 3007 647 3072 autem,
670 3018 728 3062 eur
747 2994 898 3082 iniquum
916 3021 985 3066 non
1006 2997 1058 3078 sit,
1080 2997 1252 3065 substituto
1272 2997 1337 3064 tale
1357 2998 1422 3063 im-

265 3100 346 3191 poni
365 3099 528 3178 officium,
550 3098 633 3164 ratio
655 3108 713 3165 est.

368 3203 515 3269 Primum
551 3201 638 3267 enim
665 3202 749 3269 seire
777 3200 877 3269 debet
901 3202 1112 3280 substitutus,
1140 3213 1266 3290 petrem
1296 3202 1338 3269 de
1358 3225 1422 3270 suo

264 3307 395 3395 legare:
438 3306 547 3390 itaque
590 3301 708 3390 pupilli
749 3300 962 3371 hereditatem
994 3303 1139 3371 aditurus
1175 3306 1350 3373 informare
1385 3328 1424 3372 ee
1532 3379 1533 3382 Ἴ

265 3409 381 3486 debet,
403 3416 524 3493 quanta
543 3405 640 3471 fuerit
659 3404 848 3492 patrimonii
864 3417 957 3493 patre
971 3416 1100 3475 mortuo
1123 3409 1313 3476 substantie.
1532 3401 1533 3412 ¹

368 3508 500 3575 Deinde
530 3506 693 3573 interdum
717 3507 850 3586 aoeidit,
879 3518 916 3575 ut
937 3508 1014 3575 lieet
1034 3513 1136 3595 patris
1158 3511 1320 3578 hereditas
1341 3534 1423 3579 casu

262 3610 358 3677 luerit
378 3610 564 3687 imminute,
586 3608 703 3697 pupilli
724 3619 832 3675 tamen
852 3610 942 3677 bona
961 3623 1099 3691 exstent,
1122 3614 1168 3699 (S.
1187 3616 1218 3681 4.
1239 3614 1266 3679 Ι.
1295 3613 1337 3679 de
1357 3636 1422 3700 pu·
1532 3609 1533 3630 l

262 3714 333 3802 pill.
353 3711 454 3779 subet.
476 3711 533 3795 (ll.
548 3710 623 3797 lh),
645 3710 788 3795 L.10.§.
806 3714 836 3780 5.
857 3713 899 3779 de
911 3712 1002 3800 uulg.
1024 3723 1057 3779 et
1077 3738 1156 3802 pup.
1168 3716 1355 3799 (XXVIII,
1373 3716 1423 3798 6),
1531 3723 1532 3752 ³

263 3814 353 3903 quod
374 3813 402 3880 si
423 3814 538 3891 fiebat,
559 3812 696 3899 aequius
725 3815 915 3893 uidebatur,
944 3837 1029 3900 quae
1068 3816 1258 3885 interierant
1291 3818 1422 3906 pupillo

262 3918 420 4006 periisse,
442 3938 539 4002 quam
559 3916 657 4003 patri,
685 3916 730 3983 ite
756 3925 793 3981 ut
822 3916 863 3983 de
891 3914 988 3982 bonis
1008 3917 1137 4005 pupilli,
1166 3931 1322 4006 quantum
1349 3919 1423 3986 lieri

264 4029 394 4108 posset,
414 4029 551 4105 paterne
569 4017 733 4085 hereditas
754 4018 967 4084 referciretur.
1017 4019 1131 4106 Itaque
1160 4021 1256 4087 facile
1286 4022 1422 4089 euenire
1529 4039 1532 4104 ι

262 4122 386 4211 potuit,
407 4131 443 4187 ut
463 4118 653 4185 substitutus
675 4132 761 4187 certe
787 4130 911 4186 tantum
935 4122 1107 4201 retineret,
1145 4134 1301 4209 quantum
1337 4148 1421 4210 qua·

263 4225 362 4291 dram
383 4233 537 4311 paternae
558 4221 746 4290 hereditatis
774 4221 947 4302 ualuisset,
981 4225 1058 4293 lieet
1090 4237 1228 4314 paterna
1256 4221 1421 4295 hereditas

263 4327 336 4415 ipsa
355 4326 439 4393 intra
458 4324 650 4392 dodrantem
671 4324 882 4392 decreuisset.
921 4326 967 4391 Et
986 4325 1051 4395 boo
1072 4329 1205 4415 quidem
1219 4351 1298 4397 casu
1320 4351 1422 4417 quum
