3067 5117
1215 349 1258 419 55

115 526 229 575 murus
249 530 284 595 p.
305 507 356 575 68.
379 506 414 571 in
434 504 544 573 uerbis
572 514 724 591 „atque
745 503 782 569 si
802 503 865 571 ita
891 502 1010 593 patri
1037 502 1165 571 heres
1192 526 1263 571 ex-

115 610 322 677 stitisset“
351 609 452 677 latera
479 630 628 673 caussam
658 606 825 693 opinatur,
853 629 911 673 cur
930 606 1151 673 Parnasus
1179 629 1263 673 uoce

114 712 269 791 „inde“
301 710 347 776 uti
369 709 528 798 potnerit:
556 706 777 793 supplendum
807 707 895 773 enim
920 730 994 775 esse
1020 730 1105 788 „ex
1132 714 1263 773 morte

114 813 275 901 patris.“
336 812 403 879 Alii
430 811 540 890 aliter,
572 832 686 877 omnes
716 818 825 875 tamen
854 809 897 875 ad
923 809 1026 877 uerba
1066 805 1264 894 „sipatri

112 915 219 980 heres
246 914 529 981 exstitisset⁴‘
556 910 801 998 respiciendum
827 933 900 978 esse
919 920 1127 998 putauerunt
1164 908 1262 988 Mihi,

112 1039 199 1103 quum
213 1016 403 1103 generalem
414 1014 577 1103 quandam
597 1012 745 1099 regulam
762 1012 797 1077 in
817 1012 880 1079 hae
899 1024 992 1100 parte
1008 1012 1088 1079 iuris
1109 1014 1261 1082 obtinen-

112 1130 165 1185 tem
188 1118 371 1185 luculenter
399 1116 514 1183 innuat
538 1115 781 1193 Parnasum,
814 1114 927 1181 nescio
959 1137 1024 1200 quo
1055 1115 1154 1183 modo
1185 1116 1263 1183 ferri

110 1243 167 1287 non
184 1243 284 1307 posse
308 1220 455 1297 uidetur,
475 1228 510 1285 ut
533 1240 574 1285 ex
593 1216 703 1285 uerbis
725 1217 792 1283 illis
823 1217 889 1295 „si
918 1217 1026 1303 patri
1044 1216 1166 1285 heres
1189 1242 1261 1285 ex·

110 1322 337 1401 stitisset,“
382 1344 466 1407 quas
505 1329 626 1386 certam
669 1319 833 1404 quandam
872 1340 1047 1405 personam
1088 1318 1260 1406 attingunt,

110 1446 213 1491 caussa
227 1414 327 1491 huius
348 1423 483 1511 regulae
504 1431 679 1509 repetatur.
723 1419 825 1503 Quod
846 1420 942 1506 quale
974 1420 1033 1497 sit,
1060 1419 1156 1487 facile
1184 1443 1261 1507 per·

109 1527 233 1612 spicios,
255 1527 286 1591 si
308 1524 489 1594 subiectum
510 1526 545 1589 in
567 1521 760 1589 sententiam
780 1520 984 1609 propositam
1002 1542 1145 1608 reponas
1169 1532 1260 1600 „at-

110 1651 175 1713 que
197 1628 232 1693 si
252 1628 313 1695 ita
333 1626 542 1711 Titinio)
566 1624 678 1710 patri
698 1622 823 1689 heres
847 1625 1133 1693 exstitisset.“

200 1731 317 1817 Itaque
344 1752 452 1807 noua,
481 1728 570 1815 quod
598 1727 686 1805 scio,
715 1726 983 1813 interpretatione
1009 1728 1166 1808 ‚,inde“
1194 1752 1262 1795 non

109 1831 143 1898 ul
166 1826 398 1919 praecedentia
424 1829 526 1897 uerba
555 1828 655 1895 uelim
682 1828 812 1905 referri,
841 1830 901 1895 sed
926 1830 969 1897 ad
995 1853 1067 1899 earn
1087 1831 1261 1918 cogitatio·

108 1956 189 2012 nem,
211 1956 329 2020 quarn,
352 1954 453 2017 quum
480 1930 514 1997 in
534 1941 642 1998 mente
663 1930 798 1997 haberet
816 1930 1055 2011 Parrurauvs,
1083 1932 1161 1999 dum
1180 1932 1263 2000 haec

109 2032 272 2112 scriberet,
294 2032 329 2098 in
350 2031 560 2119 sequentibus
582 2031 713 2099 demum
731 2030 826 2099 claris
849 2033 959 2099 uerbis
980 2034 1157 2121 expressit:
1177 2059 1262 2117 „re-

108 2134 279 2201 uocandi
308 2144 406 2201 sunt
439 2134 488 2201 ad
517 2131 796 2201 intellectum
824 2134 1157 2203 institutionis.“
1205 2134 1285 2207 In?

109 2234 244 2303 tellectus
262 2236 373 2323 itaque
394 2234 605 2303 institutionis
627 2246 694 2315 cst,
715 2258 780 2323 quo
802 2258 920 2304 uocem
948 2238 1113 2318 ‚,inde“
1140 2241 1262 2311 relera·

107 2360 181 2403 nus.
220 2337 340 2407 Statim
368 2361 448 2407 uero
477 2362 567 2406 noua
594 2337 733 2405 occurrit
757 2337 931 2407 difficultas
951 2340 986 2405 in
1007 2351 1077 2409 tota
1095 2342 1159 2411 hac
1176 2344 1262 2433 legis

108 2450 228 2507 nostrae
258 2451 364 2529 parte'
380 2440 524 2519 consita,
553 2462 651 2526 quam
671 2440 770 2507 uariis
791 2440 1067 2529 interpretationis
1089 2446 1261 2513 conatibus

108 2542 162 2607 uiri
192 2542 282 2609 docti
310 2552 522 2611 uexauerunt.
585 2542 761 2626 Quaeritur
795 2541 900 2623 enim,
935 2546 1261 2631 quaenam‘omnino

109 2644 260 2711 sententia
282 2644 360 2711 insit
385 2646 420 2711 in
447 2644 581 2713 uerbis:
621 2645 702 2723 „Vt
742 2643 853 2711 enim
877 2668 977 2733 opes
1006 2648 1262 2719 ....intel·

108 2744 252 2813 lectum
277 2746 622 2815 institutionis.“

205 2850 284 2933 Qua
305 2849 413 2928 inre,
441 2861 477 2915 ut
499 2860 624 2917 taceam
644 2870 720 2927 eos,
748 2848 805 2935 qui
833 2857 994 2937 ,‚opes“
1021 2850 1057 2917 in
1090 2863 1262 2941 ,‚opus“

108 2961 300 3019 commutare
328 2950 567 3036 uoluerint,⁸⁶)
596 2950 649 3017 nel
679 2950 703 3015 ii
723 2972 850 3018 errasse
878 2950 959 3017 mihi
994 2952 1165 3034 uidentur,
1206 2958 1263 3042 qui

108 3060 265 3139 „opes“
289 3052 410 3121 dictum
438 3074 511 3119 esse
530 3062 728 3139 putauerunt
747 3076 808 3138 pro
830 3054 1263 3139 ‚‚Patrimoniu1n“,itl

109 3156 189 3239 quod
210 3156 389 3242 plerosque
408 3153 526 3221 fecisse
547 3154 655 3221 uideo:
675 3176 713 3221 ac
735 3154 834 3221 nimis
853 3154 1030 3221 artificiosa
1049 3167 1100 3224 est
1112 3160 1261 3228 flvscn-

108 3274 154 3321 ru
175 3256 418 3344 interpretatio,
442 3255 498 3341 qui
518 3278 603 3325 uoce
623 3262 778 3343 „opes“
801 3254 980 3343 significari
999 3268 1092 3343 putat
1107 3264 1261 3349 „patri-

108 3360 288 3425 monium
319 3357 601 3444 praestandis
626 3356 787 3444 legatis
815 3358 1093 3427 sufficiens.“
1133 3364 1263 3434 Eadem

110 3470 154 3524 est
172 3460 345 3527 doctorum
363 3460 509 3527 uirorum
529 3459 564 3525 in
585 3458 643 3537 iis,
667 3482 751 3545 quae
771 3472 969 3546 sequuntur,
998 3462 1181 3543 discordia,
1204 3468 1264 3535 sed

109 3558 239 3649 longum
260 3571 328 3640 est,
353 3562 501 3630 diuersas
522 3584 636 3629 omnes
661 3560 836 3649 opiniones
857 3565 1036 3633 accuratius
1052 3589 1261 3654 perpensare,

110 3674 249 3729 nostram
269 3662 408 3731 sufficiet
427 3662 572 3730 attulisse
592 3662 795 3729 sententiam.
834 3664 987 3733 Arbitror
1007 3665 1096 3735 enim
1124 3692 1261 3757 „opes

111 3762 264 3847 patris“
294 3763 360 3831 hoc
385 3764 460 3833 loco
482 3764 615 3832 breuius
638 3763 703 3829 dici
732 3787 793 3850 pro
819 3766 1109 3848 „definitione
1141 3794 1261 3858 opum

111 3872 414 3946 paternarum,“
442 3866 478 3931 id
506 3866 595 3953 quod
618 3876 723 3935 ratum
745 3890 818 3937 esse
845 3867 899 3936 uel
920 3871 1061 3942 maxime
1081 3872 1161 3941 mihi
1182 3896 1261 3962 pro·

117 4048 309 4063 Q-a—

146 4166 195 4238 ω)
220 4173 263 4225 It}
293 4172 433 4227 nominare
461 4174 542 4229 liceat
561 4176 659 4229 subtil·
749 4176 1090 4249 6⁶)D0111Lvap‚36„

114 4266 197 4315 tutum
225 4272 379 4331 oneratum,
422 4268 455 4317 de
492 4283 547 4333 quo
577 4270 660 4319 uerba

115 4352 189 4409 fiunt.
