3067 5117
255 433 277 501 fi

257 618 363 673 utrum
383 626 511 692 semper
532 604 646 670 eodem
666 602 793 669 ratione
814 622 894 666 usos
914 596 1014 663 luisse
1034 594 1203 661 Romanos
1233 592 1422 681 opinemur,

259 732 300 775 an
320 708 428 795 potius
451 705 491 772 sd
507 705 710 791 sagaciorem
732 726 804 768 cam
824 713 856 768 et
877 700 985 771 minus
1005 698 1187 785 simplicem
1220 694 1418 764 sententiam

260 810 381 877 sensim
402 830 460 874 eos
483 806 673 896 peruenisse
696 804 897 872 arbitremur.

366 912 443 996 Qus
462 910 495 977 iu
516 934 552 976 re
571 919 694 975 rectum
716 906 879 974 statuendi
901 905 1082 993 periculum
1100 901 1208 971 facere
1230 899 1337 969 liceat.

737 1200 937 1211 --—--—-—

802 1459 833 1542 l·
850 1460 881 1540 2.-

260 1670 525 1725 conlucuvnnn
549 1671 738 1725 Avcuosls
762 1673 814 1723 DE
844 1667 1096 1721 lucvrlssvms
1122 1666 1174 1719 Ac
1201 1666 1422 1718 PROGRESSV

276 1778 513 1832 ‚DOCTRINAE
533 1778 768 1831 ROMANORVM
785 1778 836 1829 Du
853 1776 1053 1828 PVPILLARI
1071 1770 1383 1827 svssul'rvrlouu.

363 1984 471 2053 Patris
493 1986 534 2053 de
562 1986 688 2075 pupillo
718 1995 913 2072 potestatem
938 1984 994 2057 uel
1022 1993 1098 2073 post
1124 1993 1281 2059 mortem,
1312 1978 1420 2048 donec

261 2082 348 2161 filius
372 2084 443 2173 ipse
456 2086 519 2157 sibi
533 2088 704 2159 consulere
717 2086 832 2175 possit,
856 2084 1099 2175 quodammado
1119 2080 1297 2175 propagari
1306 2103 1420 2172 posse,

261 2184 402 2273 antiquis
423 2188 523 2265 luisse
545 2189 737 2277 probatum,
778 2188 832 2255 uel
867 2187 946 2255 inde
973 2197 1125 2277 apparet,
1161 2182 1252 2272 quod
1279 2182 1330 2249 ius
1361 2183 1420 2259 tri-

260 2287 401 2355 buerunt
421 2290 567 2377 patribus
597 2301 738 2357 tutorum
765 2290 1054 2367 instituendorum,
1082 2287 1139 2375 qui
1171 2286 1245 2353 uice
1271 2284 1421 2373 ipsorum

259 2399 375 2477 postes
395 2391 616 2479 iungerentur.
630 2396 661 2481 ¹)
688 2392 855 2483 Quamdiu
882 2402 990 2458 autem
1011 2389 1111 2480 patris
1133 2388 1285 2456 uoluntas
1306 2388 1353 2468 its
1371 2387 1421 2453 et-

260 2492 380 2561 fectum
395 2493 545 2563 habitura
568 2496 627 2574 sit,
653 2518 752 2581 quum
776 2493 954 2563 certissime
977 2492 1085 2569 stetim
1105 2494 1290 2579 liqueat-
1310 2488 1421 2561 donec

260 2593 385 2661 scilicet
403 2596 553 2685 impubes
574 2598 615 2663 sit
635 2598 721 2663 filius
737 2596 944 2683 -quicquid
964 2606 1133 2682 praeterea
1149 2594 1184 2662 ia
1204 2594 1268 2670 hoe
1288 2603 1418 2682 tempus

259 2707 351 2782 peter
373 2696 414 2763 de
435 2698 561 2785 pupillo
591 2698 807 2785 praestituerit
836 2710 869 2765 et
901 2698 1077 2789 praecipue
1098 2696 1140 2766 de
1162 2718 1198 2766 re
1218 2695 1289 2761 eius
1321 2692 1417 2759 iami-

258 2796 349 2874 lisri,
370 2798 437 2865 uim
461 2822 534 2866 esse
554 2800 758 2878 habiturum,
789 2822 906 2887 perse
928 2798 1130 2885 intelligitur.
1185 2798 1262 2882 Quo
1292 2795 1328 2860 in
1355 2816 1419 2861 nu-

258 2920 349 2965 mero
373 2910 421 2969 est
443 2911 670 2979 testamentum
691 2926 710 2968 e
732 2914 824 2989 patre
845 2900 972 2992 pupillo
988 2899 1126 2978 laetum,
1146 2922 1211 2985 quo
1234 2896 1315 2965 nihil
1335 2919 1418 2966 con·

258 3000 370 3079 tineri,
401 3000 464 3073 nisi
486 3002 527 3071 de
548 3004 636 3069 omni
664 3003 782 3094 pupilli
812 3002 936 3069 familia
965 3000 1233 3093 dispositionem,
1253 3000 1420 3089 quandam

258 3101 387 3188 legibus
409 3124 478 3170 non
499 3104 885 3192 repugnantem—uelut
904 3104 933 3169 si
953 3102 995 3169 sd
1016 3113 1143 3191 tempus
1164 3102 1318 3184 heredem
1338 3100 1420 3168 uelit

258 3203 426 3285 instituere
447 3242 487 3255 -
508 3230 576 3273 non
594 3218 653 3286 est,
676 3208 733 3295 qui
751 3206 943 3277 addubitare
959 3205 1049 3275 uelit.

360 3307 431 3374 Iam
451 3329 550 3386 uero,
572 3308 600 3374 si
620 3310 758 3397 patriam
778 3319 974 3399 potestatem
992 3308 1119 3387 ratione
1137 3306 1300 3398 descripta
1312 3330 1418 3395 usque

259 3406 300 3471 sd
320 3406 522 3495 pubertatem
542 3410 659 3496 pupilli
681 3410 814 3481 extendi
843 3411 1125 3487 concesserimus,
1158 3419 1418 3487 consentaneum

258 3518 323 3590 est,
346 3508 399 3573 uel
420 3532 459 3575 ea
483 3510 612 3589 omnia,
634 3534 717 3598 quse
738 3512 883 3601 pupillus
903 3514 989 3580 intra
1005 3512 1070 3580 hcc
1097 3521 1226 3597 tempus
1258 3511 1417 3598 acquirat,

257 3609 340 3697 patri
363 3634 435 3679 esse
464 3611 620 3697 acquisita
652 3613 757 3681 uideri
791 3615 927 3705 eiusque
961 3612 1057 3682 simul
1090 3612 1251 3690 uoluntati
1288 3613 1417 3681 subiici.

257 3712 334 3795 Qua
355 3712 390 3776 in
405 3736 441 3779 rc
464 3714 554 3780 nulle
576 3726 626 3781 est
645 3716 729 3783 inter
750 3702 931 3784 institutum
951 3714 1111 3803 pupillum
1132 3726 1165 3781 et
1183 3714 1417 3786 exheredatum

257 3813 457 3884 differentia:
491 3840 567 3888 nem
587 3840 670 3904 quac
705 3816 870 3897 institutus
903 3818 1061 3906 acquirit,
1092 3817 1216 3905 patriae
1243 3817 1417 3893 hereditati

256 3938 458 3997 accrescere,
495 3941 579 4004 quae
607 3918 833 3998 exheredatus,
854 3919 939 4005 patri
959 3932 1068 4003 temen
1090 3920 1277 4005 etiamnunc
1299 3919 1415 3990 deberi

257 4142 457 4155 *-

294 4276 319 4341 t)
340 4280 415 4343 Quae
440 4280 636 4331 Purrnnoruvs
667 4244 807 4343 congessit
856 4280 1012 4334 fucultatem
1029 4282 1172 4347 quadrent.

251 4387 309 4438 cap.
329 4372 376 4437 11,
396 4388 454 4425 aon
472 4370 564 4425 omnis
580 4372 616 4423 sd
634 4372 704 4423 hanc
722 4372 807 4439 patris
