3067 5117
247 369 309 440 230

248 521 336 606 quod
363 519 413 584 ius
435 543 502 586 non
524 520 642 586 habeat
663 519 890 598 aduersarius,
919 520 978 586 sed
1005 519 1040 585 in
1069 545 1129 601 eo,
1157 521 1245 608 quod
1267 521 1331 587 tale
1353 522 1408 586 ius

248 631 337 688 actor
358 621 486 698 habeat,
508 645 573 706 quo
599 621 679 686 alter
697 621 898 686 excludatur.
939 622 992 688 Cf.
1013 625 1221 690 chusmss
1243 624 1287 705 Q.
1307 623 1407 690 XVI.

247 747 280 810 p.
313 725 399 798 tta,
432 725 646 788 Harr'rsavs
678 722 719 788 ad
750 723 942 788 Wasaavsr
962 746 995 808 p.
1026 725 1116 802 284„
1138 726 1408 790 Barflusuuvs-

248 827 491 891 Houuwuulvs
514 849 546 911 p.
568 825 648 892 374..
691 823 760 890 Sed
782 823 907 889 etiamsi
927 824 1008 890 haec
1029 825 1073 890 ita
1093 849 1161 890 non
1180 837 1306 903 essent,
1330 826 1409 890 huic

248 939 356 993 tamen
373 937 563 1013 argumento
586 926 636 990 uis
654 926 777 991 inesset
796 925 896 1003 nulla,
937 926 1211 1011 quemadmodum
1229 927 1412 994 rectissime

249 1039 280 1094 et
300 1030 482 1096 Waaaavs
504 1038 536 1094 et
559 1050 641 1113 quos
663 1035 832 1112 praeterea
852 1027 1040 1104 adnuimus,
1063 1039 1295 1114 exposuerunt.

351 1147 468 1233 Neque
488 1158 597 1212 tamen
621 1167 808 1233 possumus,
828 1145 906 1230 quin
932 1144 994 1210 hac
1016 1145 1051 1210 in
1069 1169 1106 1212 re
1127 1148 1306 1234 paullisper
1328 1149 1410 1213 sub-

251 1250 416 1327 sistamus,
435 1250 511 1336 quia
533 1250 641 1334 legem
662 1247 835 1332 quandam,
860 1269 924 1331 qua
945 1247 1121 1333 praecipue
1144 1249 1249 1313 omnis
1272 1272 1311 1313 ea
1330 1249 1410 1312 niti-

248 1364 299 1417 tur
319 1351 485 1427 doctrina,
517 1373 557 1416 cx
584 1351 653 1415 iure
682 1349 833 1414 Romano
857 1347 1006 1432 negantis
1036 1347 1158 1414 nullam
1180 1349 1412 1434 probationem

248 1475 340 1531 csse,
361 1451 495 1518 strictim
514 1451 594 1517 libet
615 1450 789 1537 inspicere.
828 1448 1001 1533 Leguntur
1022 1448 1109 1514 euim
1129 1449 1211 1515 haec
1230 1452 1272 1515 L.
1291 1453 1340 1517 23.
1364 1449 1410 1514 C.

247 1555 288 1620 dc
309 1554 436 1641 probat.
461 1553 555 1636 (1111,
580 1553 665 1636 19.):

330 1676 452 1752 „Actor
472 1672 560 1758 quod
582 1680 758 1748 asseruerat,
781 1670 921 1757 probare
943 1693 977 1734 se
1000 1692 1067 1734 non
1089 1694 1188 1756 posse
1209 1671 1411 1758 profitendo,

328 1799 419 1844 reum
440 1772 631 1840 necessitate
665 1771 868 1836 monstrandi
894 1771 1091 1836 contrarium
1129 1794 1197 1837 non
1225 1773 1413 1858 adstringit,

328 1901 427 1964 quum
449 1897 635 1960 porterum
657 1882 804 1938 naturam
823 1872 942 1938 factum
963 1873 1113 1958 negantis
1136 1875 1226 1940 nulla
1258 1876 1299 1941 sit
1327 1899 1411 1961 pro-

328 1980 457 2046 batio.“

250 2099 405 2166 Glossa
431 2097 514 2162 hanc
536 2095 666 2161 exhibet
688 2095 1003 2182 interpretationem:

330 2217 454 2296 „Licet
476 2225 565 2279 actor
586 2213 681 2292 dicit,
715 2236 750 2278 se
779 2236 846 2279 non
876 2237 975 2300 posse
996 2212 1155 2299 probare,
1188 2236 1270 2277 onus
1299 2224 1412 2278 tamen

329 2317 531 2406 probationis
553 2338 620 2380 non
641 2315 822 2380 retunditur
843 2317 877 2380 in
897 2339 999 2380 rcum.
1028 2352 1070 2363 —
1115 2316 1229 2382 Actori
1251 2314 1413 2380 asserenti

331 2418 488 2486 incumbit
508 2440 591 2482 onus
612 2417 792 2502 probandi,
824 2440 881 2482 reo
913 2439 991 2482 uero
1023 2418 1157 2504 neganti
1186 2439 1255 2482 non
1282 2415 1412 2480 incum-

330 2523 387 2599 bit,
410 2519 535 2587 etiamsi
555 2529 645 2583 actor
668 2517 769 2594 dicat,
792 2539 828 2583 se
850 2517 990 2603 probare
1009 2543 1076 2582 non
1099 2541 1216 2604 posse,
1246 2539 1308 2582 nec
1328 2540 1410 2603 pro·

329 2634 400 2710 pter
419 2623 482 2686 hoc
504 2619 668 2695 conuenit,
691 2618 725 2682 in
747 2641 821 2683 eum
842 2639 925 2682 onus
946 2619 1107 2704 probandi
1129 2618 1311 2696 transferre,
1332 2618 1414 2703 quia

329 2723 483 2809 negatiua
502 2721 633 2808 probari
654 2744 721 2786 non
742 2729 882 2805 potest.“

352 2844 475 2909 Postea
495 2845 657 2910 Wasuno
676 2839 717 2905 de
741 2862 840 2904 onere
861 2838 1024 2925 probandi
1048 2863 1081 2924 p.
1106 2841 1174 2907 144.
1204 2840 1287 2905 duce
1316 2839 1413 2906 aliter

250 2945 442 3032 plerumque
462 2944 564 3008 uerba
585 2965 708 3029 „quum
738 2964 799 3026 per
818 2960 926 3005 rerum
955 2950 1103 3006 naturam
1124 2950 1216 3006 etc.“
1249 2941 1413 3027 interpre-

251 3046 307 3110 tati
329 3056 414 3122 sunt,
436 3044 477 3109 ad
497 3067 588 3109 reum
608 3067 648 3108 ea
669 3043 713 3106 ita
736 3041 984 3117 transferentes,
1014 3052 1049 3105 ut
1071 3041 1214 3106 dicatur:
1235 3043 1360 3118 „Actor
1381 3045 1414 3108 si

251 3156 415 3212 asseuerat
430 3145 519 3229 quod
538 3168 612 3210 reus
626 3154 735 3230 negat,
759 3155 791 3207 et
804 3142 923 3207 deinde
935 3142 1149 3231 intentionem
1162 3165 1254 3208 suam
1268 3144 1413 3230 probare

250 3271 285 3313 se
307 3271 374 3312 non
394 3269 493 3332 posse
514 3247 700 3332 profitetur,
731 3267 807 3308 reus
827 3244 1036 3330 negationem
1057 3266 1149 3308 suam
1170 3245 1311 3329 probare
1341 3270 1413 3311 non

250 3360 387 3425 tenetur,
410 3368 509 3432 quum
527 3370 586 3434 per
601 3370 710 3412 rerum
733 3354 902 3410 naturam“
920 3356 980 3411 etc.
1024 3343 1076 3411 Cf.
1105 3348 1259 3412 Lmulvs
1282 3346 1316 3409 in
1336 3348 1411 3411 An·

252 3450 381 3516 nalibus
404 3472 436 3534 p.
460 3449 540 3514 107..

356 3568 502 3650 Quarum
531 3564 833 3652 interpretationum
863 3567 971 3652 prior,
998 3567 1075 3632 licet
1101 3567 1157 3631 diu
1179 3568 1331 3632 omnibus
1355 3593 1412 3636 ac-

251 3681 359 3756 cepta,
381 3688 515 3754 prorsus
536 3668 661 3733 ratione
683 3678 780 3733 caret.
821 3668 933 3735 Verba
960 3668 1048 3732 enim
1076 3692 1199 3754 „quum
1220 3692 1280 3755 pcr
1301 3692 1412 3734 rerum

251 3777 419 3840 naturam“
451 3767 514 3834 hoo
535 3791 652 3845 sensu,
691 3792 788 3854 quem
809 3780 1069 3856 supposuerunt,
1106 3770 1148 3835 ad
1178 3769 1256 3834 talia
1285 3780 1413 3835 tantum

249 3871 428 3957 praemissa
455 3870 632 3955 quadrant:
665 3893 779 3947 „rcum
811 3873 1002 3936 necessitate
1040 3870 1244 3936 monstrandi
1277 3883 1411 3936 contra-

250 3973 334 4037 rium
348 3970 551 4056 adstringit.“
583 3971 842 4056 Acceditquod
856 3971 977 4062 nonde
999 3971 1117 4049 facti,
1141 3970 1198 4036 sed
1212 3970 1252 4035 de
1276 3971 1411 4036 facul-

250 4073 352 4136 tatis
374 4062 508 4148 tantum,
530 4071 563 4135 id
585 4071 719 4148 scilicet,
743 4071 831 4155 quod
856 4057 1286 4157 asseuerauerit,'probandi
1306 4097 1412 4160 nega-

250 4171 340 4236 tione
367 4171 431 4246 dici
457 4172 626 4259 potuisset.
667 4174 781 4256 Itaque
811 4172 839 4235 si
869 4172 941 4257 quis
972 4171 1056 4246 hanc
1077 4171 1265 4264 ultimorum
1287 4176 1410 4247 uerbo-

251 4272 641 4361 ruminterprctationcm
664 4295 795 4340 seruare
816 4273 906 4351 uelit,
928 4295 1016 4360 opus
1033 4284 1082 4339 ast
1104 4295 1221 4340 uocem
1243 4286 1410 4360 ,‚quum“
