3067 5117
279 452 320 523 52

281 623 346 687 quo
368 600 601 687 supradictum
622 612 699 680 erat,
719 600 891 667 referenda
909 623 982 667 esse
997 601 1164 687 putabant,
1175 603 1226 687 ⁸⁰)
1247 610 1425 678 statuentes,

280 702 399 769 iccirco
421 702 627 769 substitutum
646 726 713 770 non
735 712 903 768 oneratum
921 702 1064 789 portioni
1075 712 1230 769 oneratae
1249 723 1427 768 succurrere

281 804 420 882 debere,
446 803 535 891 quod
558 814 650 889 pater
680 825 698 870 e
726 813 794 870 tota
821 827 880 869 sua
906 804 1085 871 substantia
1109 804 1241 890 legasse
1260 802 1427 869 uideretur.
1513 823 1514 826 ’

281 905 350 975 Sed
370 905 548 972 rectissime
567 907 782 972 Hvsonurvs
804 905 881 983 Vol,
903 906 961 973 VI.
982 929 1014 993 p.
1030 906 1100 973 405.
1123 915 1154 970 et
1175 905 1429 971 Vaucnuovrvs

280 1008 321 1073 A.
335 1030 368 1093 p.
379 1008 450 1077 241.
462 1030 494 1071 n.
510 1006 560 1073 40.
579 1006 677 1073 talem
700 1008 892 1073 sententiam
909 1018 1044 1094 propter
1061 1004 1264 1071 occurrentia
1285 1006 1431 1092 grauiora

281 1108 360 1173 iuris
381 1106 542 1195 principia
561 1130 696 1195 prorsus
716 1108 952 1195 repudiandam
981 1131 1054 1173 esse
1075 1107 1273 1185 docuerrmt,
1301 1128 1430 1173 acuere

282 1233 450 1297 nunquam
468 1210 540 1277 fieri
562 1232 660 1297 posse
681 1209 861 1297 putandum
883 1220 941 1287 est,
963 1217 999 1273 ut
1015 1207 1152 1274 coheres
1169 1206 1279 1296 legata
1300 1233 1321 1275 a
1338 1208 1431 1275 cohe-

282 1310 360 1378 rede
374 1310 487 1377 relicta
500 1322 665 1398 praestare
680 1311 806 1386 debeat,
829 1310 892 1376 nisi
906 1310 975 1375 eius
990 1309 1176 1397 portionem
1186 1311 1432 1397 acquisierim)

385 1413 430 1477 At
449 1434 529 1480 uero
548 1414 768 1479 Psmmmvs
789 1434 831 1477 ne
853 1412 997 1497 respexit
1017 1411 1149 1497 quidem
1170 1411 1212 1478 ad
1234 1412 1319 1478 hauc
1340 1435 1431 1499 regu·

282 1514 348 1581 lam
383 1514 736 1601 ,‚patrimonium,
760 1512 884 1598 quale
912 1513 1056 1578 mortis
1088 1512 1220 1599 patris
1249 1525 1432 1601 tempore

282 1614 429 1693 luerit,
453 1614 802 1681 considerandum
823 1621 971 1691 esse‚“
1000 1613 1059 1679 scd
1079 1614 1122 1679 ad
1143 1616 1331 1701 capotius,
1356 1638 1434 1701 quae

281 1717 359 1783 inde
381 1716 538 1802 consequi
556 1716 690 1781 uixdum
710 1728 916 1802 exposuerat,
939 1716 1063 1782 scilicet
1083 1714 1125 1782 ad
1146 1718 1435 1784 eamsententiam:

267 1818 372 1898 „Dc
394 1840 466 1882 suo
486 1818 603 1883 dabit
624 1816 901 1897 substitutus,
925 1818 1121 1904 quoniam
1138 1828 1257 1905 pater
1277 1817 1435 1906 legauit

282 1922 332 1986 de
352 1928 457 1986 suo-‘⁴
498 1919 568 1985 Iam
586 1919 672 1985 enim
693 1918 757 1983 dici
778 1930 925 2005 poterat,
946 1919 1175 1986 substitutione
1196 1919 1337 1985 duorum
1358 1920 1437 1984 lacta

281 2021 483 2087 imminutam
512 2041 585 2086 esse
616 2018 722 2084 uideri
750 2021 936 2105 portionem
964 2020 1006 2086 ad
1033 2019 1222 2087 alterutrum
1241 2020 1434 2108 peruenien-

281 2134 364 2201 tem,
404 2144 488 2208 quae
524 2119 701 2186 deminutio
746 2144 846 2206 quum
877 2123 1044 2188 uoluntate
1077 2123 1240 2189 testatoris
1271 2123 1358 2189 lacta
1388 2122 1435 2198 sit,

282 2247 385 2310 eaque
406 2223 558 2288 uoluntas
581 2231 692 2307 utpote
719 2221 842 2288 incerta
869 2234 901 2289 et
920 2222 1098 2290 libidinosa
1118 2224 1229 2309 quoad
1248 2223 1435 2289 substitutos

281 2336 368 2392 certe
397 2325 442 2392 ita
471 2346 543 2391 sese
570 2322 706 2401 habeat,
737 2332 773 2387 ut
804 2324 958 2409 quicquid
980 2324 1111 2391 alterius
1131 2323 1263 2392 heredis
1284 2326 1436 2391 substitu-

280 2428 370 2492 tione
392 2425 426 2491 in
446 2423 624 2491 hereditate
648 2424 839 2502 decreuerit,
862 2426 983 2511 quasi
1004 2448 1101 2492 casu
1123 2426 1217 2494 alteri
1238 2426 1435 2513 periisseui·

280 2528 411 2605 doctor,
438 2536 474 2591 ut
502 2526 628 2593 solidae
664 2525 852 2592 hereditatis
884 2538 1037 2614 respectu
1061 2528 1172 2595 habito
1192 2529 1303 2615 legata
1323 2528 1436 2603 soluat,

280 2638 451 2715 utrumque
473 2629 549 2715 cogi
569 2649 679 2714 posse.
726 2626 824 2694 Vnde
851 2626 946 2694 facile
973 2630 1080 2716 possit
1101 2631 1253 2709 euenire,
1282 2642 1319 2696 ut
1339 2630 1436 2695 altero

280 2729 453 2795 substituto
481 2729 565 2794 ultra
594 2728 763 2794 semissem
785 2729 891 2794 totius
917 2728 1106 2797 hereditatis
1128 2734 1169 2798 ad
1190 2734 1299 2820 ipsum
1321 2756 1436 2822 perue-

199 2852 204 2859 ’
281 2830 424 2897 nientem
453 2841 607 2907 onerato,
633 2828 845 2896 nihilominus
873 2831 1022 2917 legatarii
1050 2832 1158 2899 solida
1185 2834 1296 2922 legata
1327 2834 1368 2902 ab
1399 2856 1435 2899 eo

281 2941 453 3019 expetant,
477 2954 560 3018 quae
580 2941 745 3017 praestare
766 2942 957 3019 cogeretur,
987 2935 1015 2999 si
1037 2934 1252 3015 deminutam,
1280 2936 1360 3002 dum
1381 2960 1447 3023 pu·-

315 3292 362 3363 to)
389 3294 538 3359 Praecipue
567 3294 776 3346 Pronnrnnrvs
806 3312 834 3360 p.
947 3321 1020 3374 ,ρον
1048 3298 1321 3381 ληγαηυθὲντων.
1347 3300 1377 3361 εἰ
1396 3289 1437 3375 μή

278 3384 329 3449 53·’
346 3386 542 3437 3⁰⁵⁸¹¹¹¹³T¹V⁸
561 3401 588 3449 P·
606 3383 675 3437 5³4·
944 3418 990 3469 τις
1025 3396 1118 3482 εἴπῃ,
1159 3392 1310 3475 τοιαύτην
1336 3400 1339 3405 ’
1360 3392 1436 3459 εἶναι

283 3541 285 3544 v
314 3474 359 3542 ⁰¹)
381 3480 416 3529 Id
442 3480 518 3543 quod
542 3477 654 3538 cogitari
676 3493 760 3542 posso
778 3479 833 3528 iam
944 3487 1001 3571 τήν
1022 3489 1152 3573 γνώμην
1171 3501 1230 3559 τοῦ
1251 3490 1437 3571 ccotdtoedoc

276 3568 394 3635 antiquis
412 3584 545 3635 perquam
567 3569 710 3621 uidebatur
733 3571 832 3620 miran-
941 3589 993 3651 καὶ
1010 3590 1128 3669 δηλοῦν
1147 3600 1240 3657 τοῦτο
1262 3588 1296 3655 td
1322 3585 1434 3671 ῥητόν·

277 3662 355 3725 dum,
373 3665 405 3711 ut
421 3659 569 3711 clarissime
589 3662 678 3712 clucet
698 3676 734 3711 ex
752 3662 830 3713 Basi·
882 3693 910 3737 et
928 3687 1052 3738 addim,

274 3752 333 3803 licia
365 3752 440 3807 m.
467 3754 520 3806 Tit.
538 3753 577 3805 11.
608 3760 674 3805 sect.
696 3753 720 3805 6.
748 3754 831 3819 (apud

273 3848 487 3897 Harnscurvrr
516 3846 580 3897 Vol.
597 3847 667 3898 1111.
700 3862 727 3911 p.
749 3839 829 3910 tac),

273 3952 355 4003 quem
370 3938 463 3989 locum
473 3940 597 3990 nondum
613 3940 642 3991 iu
662 3938 829 3989 huncuaum
881 3971 954 4021 um
988 3972 1144 4025 luculenter
1187 3976 1339 4040 colligitur,
1384 3976 1436 4025 im

271 4030 492 4142 flllflissmfl‘lffl·
529 4031 641 4092 Legitur
656 4030 706 4080 lbi‘
882 4064 1058 4115 scholiastam
1087 4073 1116 4116 ct
1142 4067 1227 4117 uerba
1262 4070 1436 4132 „alterum

329 4124 421 4197 „Ova
442 4116 520 4192 otta,
540 4126 620 4208 ποίῳ
639 4117 718 4206 λόγῳ
732 4120 829 4199 φησὶν
881 4156 1138 4208 ειιὶηιῑιιιιιιιιια
1156 4164 1185 4208 ct
1205 4165 1291 4209 totam
1308 4161 1383 4212 hane
1399 4162 1436 4210 le-

331 4216 349 4281 d
385 4218 555 4298 Kfllfflffis
597 4224 746 4283 Παῦλλθν
782 4220 826 4280 dt·
879 4263 940 4310 gem
953 4264 997 4314 co,
1015 4266 1070 4315 quo
1083 4251 1435 4316 nosmodocxplicauisse.

329 4310 418 4378 do'vm
447 4315 540 4400 μέρος
566 4324 630 4379 τῶν
651 4310 735 4397 παρὰ
763 4318 824 4380 Πέ-

941 3767 1106 3857 ἆνᾶγνωθι
1144 3802 1200 3841 tat.
1238 3773 1267 3859 β
1303 3779 1364 3861 day.
1394 3770 1435 3840 ui.

939 3872 1023 3951 θὲμα
1044 3874 1094 3947 ς.“
