3067 5117
1258 400 1300 470 25

138 552 256 619 leuitas
282 568 485 641 quantopere
506 550 685 641 opprobrio
713 550 864 616 facienda
892 562 979 617 esset
1005 551 1176 629 PAVLLO,
1205 550 1299 619 facile

137 654 344 743 intelligitur.
386 656 601 724 Statuendum
621 664 670 721 est
690 653 810 739 itaque,
838 655 881 719 L.
902 656 930 721 1.
951 655 983 738 3.
1009 656 1056 722 13.
1092 654 1226 721 omnino
1257 654 1299 721 de

137 758 371 824 substitutione
394 758 523 844 uulgari
544 757 666 823 dictum
693 778 777 823 esse.

245 860 359 926 Tertia
379 859 520 945 denique
541 858 575 923 iu
596 856 839 944 interpretanda
859 858 960 925 L.87.
982 858 1014 941 3
1022 860 1052 925 1.
1064 856 1146 922 ratio
1161 866 1211 921 est
1219 856 1297 923 Do·

59 971 64 977 '
136 980 263 1039 unm,
288 984 385 1048 quem
402 961 498 1026 unice
521 983 562 1025 ex
589 958 825 1027 recentioribus
848 968 977 1025 secutus
1005 968 1055 1024 est
1080 960 1297 1024 Hvscnnrvs

136 1063 216 1131 Vol.
233 1062 308 1129 VIl.
321 1088 353 1149 p.
364 1063 442 1129 195..
474 1062 569 1145 Quae
590 1060 694 1147 qualis
710 1060 761 1138 sit,
783 1060 1057 1127 considerandum
1072 1070 1131 1126 est.
1151 1062 1299 1127 Hvscfl·

136 1182 224 1229 ms
253 1163 362 1249 itaque
393 1186 432 1229 eo
459 1184 660 1250 magnopere
686 1186 706 1228 a
733 1160 868 1247 reliquis
902 1162 1070 1239 discessit,
1104 1161 1194 1247 quod
1229 1186 1298 1229 non

137 1288 272 1332 omnem
301 1264 561 1331 substitutionem
594 1263 765 1351 uulgarem
785 1263 869 1351 legis
900 1263 997 1329 huius
1023 1264 1224 1351 praescripto
1250 1274 1299 1330 at·

137 1368 222 1454 tingi
243 1366 343 1442 dixit,
368 1367 426 1432 sed
447 1390 521 1432 eum
540 1376 663 1433 tantum
685 1386 812 1443 casum,
835 1364 863 1429 si
885 1374 959 1430 ant-e
980 1373 1167 1444 testatorem
1185 1366 1225 1443 is,
1247 1366 1299 1432 cui

142 1469 354 1555 substitutum
375 1479 459 1545 erat,
482 1467 669 1535 decesserit.
712 1466 829 1552 Quod,
859 1476 896 1531 ut
914 1466 995 1553 ipsis
1016 1491 1058 1533 ex
1079 1466 1189 1532 uerbis
1205 1465 1299 1534 lucu·

136 1570 258 1636 lentius
271 1579 406 1646 erueret,
423 1568 609 1635 coniectura
622 1592 681 1657 pro
703 1569 838 1655 uulgata
857 1568 998 1635 lectione
1021 1566 1297 1646 ‚,etticerent“

136 1671 268 1737 induxit
290 1671 427 1749 „elice
439 1678 605 1747 eruut‚“
638 1692 702 1756 qua
721 1669 949 1737 emendatione
969 1669 1053 1735 iacta
1073 1680 1300 1757 argumentum

137 1802 157 1841 a
176 1776 330 1841 Immo
361 1772 493 1838 allatum
513 1771 600 1839 hunc
623 1771 730 1839 solum
747 1794 858 1839 casum
878 1770 1022 1858 respicit,
1042 1794 1110 1837 non
1132 1771 1229 1838 ctiam
1250 1771 1298 1837 al-

136 1889 253 1955 terum,
277 1876 396 1963 sipost
417 1884 554 1941 mortem
580 1873 679 1961 patris
701 1874 788 1939 lilius
810 1872 1010 1965 abstinuerit.

242 1980 287 2045 Et
315 1978 390 2044 huic
408 1975 551 2065 ¹quidem
584 1976 762 2042 sententiae
796 1973 1069 2042 subscribendum
1102 1998 1176 2043 esse
1204 1987 1297 2063 puto,

135 2104 205 2147 non
224 2075 297 2147 tarn¹
312 2090 445 2168 propter
466 2088 657 2166 argumenta
679 2089 711 2143 et
732 2078 952 2144 coniecturam
973 2077 1175 2157 Hvsemm,
1200 2101 1298 2164 quam

136 2192 329 2271 propterea,
352 2182 441 2266 quod
461 2181 594 2267 egregie
617 2180 772 2246 conuenit
794 2202 868 2246 cum
891 2180 1064 2257 testatoris,
1094 2202 1179 2266 quac
1200 2203 1297 2268 prae·

136 2284 223 2351 sumi
243 2292 372 2371 potest,
394 2279 572 2346 uoluntate.
619 2282 790 2349 Facillime
815 2281 904 2349 euim
930 2281 1174 2369 interpretando
1206 2305 1296 2351 asse·

137 2386 194 2473 qui
213 2393 390 2472 potuerunt
407 2391 534 2448 ueteres
567 2382 797 2463 iureconsulti,
831 2396 867 2450 ut
900 2408 942 2451 ex
964 2408 1037 2451 asse
1065 2384 1175 2473 legata
1200 2410 1297 2473 prae-

136 2498 316 2563 starentur,
338 2484 499 2549 dicentes:
532 2485 684 2551 Testator
705 2486 850 2565 sciuit,
871 2487 914 2552 ad
936 2510 1027 2566 eum,
1061 2510 1159 2573 quem
1175 2489 1295 2555 substi-

134 2598 258 2665 tuerat,
282 2596 382 2652 totam
404 2595 634 2670 peruenturam
655 2611 727 2655 esse
749 2586 982 2655 hereditateme
1019 2588 1129 2674 itaque
1158 2589 1186 2654 si
1213 2590 1294 2655 nihil

135 2692 171 2755 in
191 2696 385 2755 testamento
407 2686 492 2753 tacto
515 2691 704 2769 mutauerit,
747 2690 925 2757 uerisimile
966 2700 1033 2765 est,
1071 2710 1146 2754 eum
1175 2690 1295 2776 legata,

136 2814 231 2880 quae,
247 2797 316 2855 toto
337 2778 528 2857 testamento
559 2792 743 2881 scripserat,
763 2794 859 2859 etiam
878 2789 989 2856 ualere
1009 2789 1174 2858 uoluisse:
1196 2804 1228 2858 et
1246 2794 1294 2859 ic-

135 2895 224 2960 circo
254 2914 296 2957 ex
323 2902 393 2957 tota
419 2892 595 2959 hereditate
626 2916 666 2959 ea
693 2894 884 2981 praestitum
917 2890 957 2957 iri
986 2892 1020 2955 in
1050 2904 1158 2959 mente
1190 2893 1295 2961 habu·

134 2997 212 3074 isse,
228 2995 332 3079 21)--
353 3016 436 3080 quae
457 3003 525 3061 tota
543 2995 747 3061 ratiocinatio
772 2996 882 3061 locum
902 2993 1022 3059 habere
1044 2994 1158 3079 nequit
1175 2987 1295 3061 substi-

134 3099 261 3166 tutione
278 3106 504 3184 postmortem
520 3096 650 3163 demum
665 3098 827 3163 testatoris
843 3095 1020 3162 obtinente.
1061 3094 1174 3163 Facile
1189 3108 1296 3163 autem

134 3200 351 3276 concedetur,
373 3221 432 3274 ea,
455 3219 538 3284 qnae
561 3198 602 3265 de
625 3200 797 3265 substituto
819 3197 980 3286 impuberi
999 3196 1064 3262 hoc
1084 3196 1293 3264 locoIvuu-

131 3322 203 3370 uvs
226 3300 396 3389 exposuit,
417 3300 489 3385 pari
512 3299 611 3366 modo
636 3300 678 3365 ad
702 3300 911 3367 substitutum
935 3308 1089 3366 extraneo
1118 3300 1293 3387 pertinere,

134 3427 238 3491 quum
258 3401 384 3489 pupillo
414 3411 488 3467 ante
515 3410 640 3487 patrem
659 3411 789 3467 mortuo
819 3402 965 3490 uulgaris
994 3400 1196 3479 substitutio,
1225 3426 1294 3469 non

132 3506 305 3594 pupillaris
325 3504 435 3570 locum
457 3502 610 3571 habuisse
631 3502 791 3569 credatur.

238 3607 345 3674 Porro
364 3617 537 3696 postquam
558 3605 698 3673 uidimus
719 3606 782 3672 hac
802 3608 845 3673 L.
858 3608 908 3676 87.
928 3609 1006 3692 34.
1028 3606 1293 3693 interpretatione

132 3712 236 3788 faeta,
258 3709 470 3775 antinomiam
490 3709 573 3775 iuter
593 3708 677 3775 hanc
699 3717 731 3775 st
749 3708 790 3774 L.
810 3712 838 3777 1.
860 3710 954 3793 313.
977 3708 1102 3775 nullam
1123 3710 1292 3788 exsistere,

132 3810 280 3879 succedit
299 3810 465 3897 quaestio,
494 3809 767 3896 quemadmodum
794 3811 868 3898 ipsa
893 3809 951 3876 illa
975 3810 1017 3875 L.
1046 3811 1075 3878 1.
1107 3813 1139 3895 3.
1166 3813 1213 3879 13.
1251 3813 1294 3877 sit

132 3912 339 4001 explicanda.

238 4016 306 4080 Aut
326 4016 414 4114 euim
431 4014 508 4081 iude
528 4038 703 4102 possumus
725 4024 884 4093 statuere,
914 4015 1048 4081 omnino
1076 4014 1291 4081 contributio-

132 4225 334 4237 ι*-

170 4342 218 4416 ²³>
238 4346 279 4401 cr.
300 4347 393 4403 ona
412 4346 453 4399 11.
474 4344 499 4413 t.
520 4344 588 4404 rso..
