3067 5117
1200 434 1259 503 101

9 621 10 648 ;
99 581 153 647 tris
173 605 310 670 prorsus
329 606 405 652 eum
425 608 445 651 a
464 585 607 652 fraterna
625 583 804 650 hereditate
832 584 1013 662 remoueri,
1042 606 1140 671 quam
1163 584 1257 651 habi·

9 673 10 684 *
97 697 186 750 turus
205 685 337 763 fuisset,
358 684 388 751 si
407 686 448 751 ab
469 685 621 752 intestato
643 685 881 751 succederetur.
894 688 964 771 ¹⁸⁹)

199 788 272 852 Has
289 808 369 853 uero
389 786 531 852 Ivnrsr
555 787 698 854 rationes
733 796 766 853 et
793 797 969 873 praecepta
989 786 1066 854 iude
1088 784 1258 874 proposita

98 888 307 955 uehementer
325 886 474 973 inprimis
497 888 707 975 impugnasse
728 888 879 973 legimus,
899 889 992 955 cuius
1018 888 1156 956 obtinuit
1179 909 1254 953 sen-

99 990 215 1068 tentia,
241 990 482 1056 Msacmvn.
527 990 560 1055 Is
591 988 692 1075 igitur
711 988 776 1053 hoo
800 988 980 1075 praecipue.
1004 990 1099 1055 nixus
1126 987 1256 1054 uidetur

99 1115 186 1170 esse,
217 1090 314 1176 quod·
334 1112 436 1155 unum
462 1089 595 1176 quidem
624 1090 666 1154 sit
694 1088 796 1175 patris
822 1098 1067 1169 testamentum,
1096 1089 1154 1157 sed
1173 1089 1254 1154 dua-

9 1271 10 1276 *
97 1216 165 1257 rnm
191 1190 425 1269 hereditatum,
457 1190 594 1267 deinde,
625 1190 715 1273 quod
746 1190 794 1267 is,
832 1191 888 1276 qui
921 1191 1022 1259 semel
1058 1188 1253 1257 abstinendo

9 1283 10 1312 .
99 1316 167 1360 sese
188 1293 291 1358 tuitus
309 1291 424 1369 fuerit,
453 1315 520 1358 non
548 1291 645 1357 uiuus
671 1300 795 1356 tantum
825 1291 883 1359 sed
903 1304 979 1379 post
999 1304 1136 1359 mortem
1159 1292 1256 1358 etiam

100 1393 295 1461 beneficium
314 1393 480 1459 Praetoris
501 1404 612 1459 tenere
635 1390 770 1470 debeat,
797 1392 842 1459 ita
863 1403 899 1458 ut
920 1394 962 1460 ad
983 1418 1074 1473 eum,
1097 1394 1154 1480 qui
1175 1415 1256 1479 qua-

98 1497 145 1561 uis
173 1495 218 1561 de
248 1516 366 1560 caussa
388 1516 564 1580 personam
589 1492 677 1559 illius
708 1494 876 1574 continuet
899 1507 931 1561 et
959 1494 994 1561 in
1025 1519 1060 1561 se
1089 1494 1254 1581 suscipiat,

98 1618 162 1660 non
189 1592 334 1659 deterior
363 1592 525 1660 deleratur
554 1596 718 1673 conditio,
749 1618 847 1681 quam
878 1596 947 1661 uiui
978 1596 1065 1663 illius
1093 1619 1255 1684 personae

97 1698 217 1773 iuerat,
245 1694 336 1781 quod
355 1694 504 1761 ultimum
523 1696 657 1784 egregie
674 1695 826 1782 exposuit
845 1698 1060 1765 Hvscnmvs
1081 1723 1114 1786 p.
1137 1700 1217 1767 102..

9 1879 10 1886 ¹
198 1799 255 1864 Ex
289 1806 425 1882 utraque
460 1818 540 1863 uero
576 1795 639 1863 hac
663 1798 944 1883 argumentatione
972 1801 1108 1887 regulae
1137 1810 1257 1890 sponte

98 1902 260 1967 fluxertmt
279 1900 422 1966 Ivnmu
441 1898 624 1985 praeceptis
646 1898 829 1985 oppositae.

196 2000 346 2067 Primum
365 1997 452 2067 enim
473 1999 574 2085 patris
597 1999 748 2064 uoluntas
771 2010 979 2087 utrarumque
999 2002 1181 2068 tabularum
1201 2022 1254 2067 se-

9 2097 11 2180 Ῐ
97 2103 233 2192 paratim
260 2111 412 2187 respectu
440 2099 552 2166 habito
580 2101 781 2167 considerari
810 2114 927 2188 coepta
962 2114 1027 2180 est,
1064 2103 1109 2168 ita
1134 2112 1169 2166 ut
1201 2101 1256 2166 lex

9 2211 10 2214 ’
98 2212 351 2292 proponeretur,
381 2201 412 2266 si
438 2201 539 2287 patris
571 2202 746 2267 omnino
768 2192 920 2269 uoluntas
940 2214 1141 2281 seruaretur,
1172 2224 1256 2289 opus

98 2330 161 2373 non
183 2326 270 2381 esse,
290 2313 326 2368 ut
346 2302 548 2389 respiciatur,
571 2304 911 2388 quemadmodum
932 2316 1125 2372 seruaretur.
1165 2304 1256 2371 Hinc

9 2409 10 2454 ἶ
99 2408 221 2485 euenit,
249 2404 361 2491 utqui
382 2426 425 2470 ex
441 2414 532 2491 parte
552 2403 647 2470 heres
668 2404 710 2469 sit
731 2404 914 2483 institutus,
949 2406 1111 2492 siquidem
1139 2405 1257 2493 reliqui

98 2510 233 2578 heredes
255 2506 310 2573 uel
330 2528 414 2570 unus
439 2515 526 2571 certe
546 2504 678 2583 adierit,
700 2507 728 2572 is
745 2506 835 2572 uelut
856 2504 1046 2573 substitutus
1069 2507 1253 2575 etiamnunc

9 2613 10 2696 ξ
98 2611 213 2699 pupilli
228 2607 441 2676 hereditatem
463 2608 568 2694 possit
589 2607 691 2673 adire.
744 2606 901 2693 Idemque
938 2619 1007 2688 est,
1043 2610 1071 2677 si
1104 2632 1146 2677 ex
1182 2632 1255 2677 asse

99 2714 278 2788 institut-us,
300 2708 493 2795 pupilloque
513 2708 705 2775 substitutus
723 2720 756 2775 et
775 2710 846 2796 ipse
869 2710 1075 2777 substitutum
1095 2709 1256 2789 habuerit,

100 2816 151 2900 qui
170 2812 253 2881 adiit
272 2810 496 2877 hereditatem.
539 2810 671 2895 Quodsi
692 2809 733 2875 ab
754 2810 905 2877 intestato
926 2812 1118 2881 succedatur
1139 2813 1173 2878 in
1193 2836 1253 2899 pa-

9 2905 10 2986 l
99 2915 150 2979 tris
166 2912 401 2990 hereditatem,
425 2910 473 2989 ei,
494 2911 551 2996 qui
571 2910 699 2998 pupillo
722 2910 912 2982 substitutus
934 2924 1102 3000 paternam
1122 2912 1254 2980 heredi-

9 3021 10 3046 ³
97 3027 192 3083 tatem
210 3012 451 3101 repudiauerit,
473 3034 541 3079 non
562 3013 639 3078 licet
657 3012 692 3075 in
713 3012 831 3099 pupilli
851 3012 940 3079 bona
961 3036 1002 3080 ex
1023 3013 1253 3081 substitutione

9 3111 10 3114 ¹
98 3115 281 3184 succedere.
334 3114 400 3181 Hic
431 3113 499 3181 iere
526 3136 642 3179 sensus
671 3124 720 3179 est
751 3113 928 3180 decisionis
954 3116 988 3180 in
1007 3117 1048 3181 L.
1070 3114 1121 3183 40.
1139 3116 1192 3180 cit.
1215 3136 1253 3181 ac

9 3237 10 3240 ’
98 3220 158 3286 iam
178 3216 349 3295 uidemus,
376 3236 488 3281 rursus
509 3215 595 3280 hanc
612 3216 804 3281 Maeci-:Lm
835 3217 1028 3283 sententiam
1061 3218 1254 3303 impugnare

9 3321 10 3336 ¹
97 3322 238 3389 Imm
257 3319 299 3383 L.
321 3318 373 3385 41.
395 3316 448 3382 cit.
484 3314 708 3404 propositam,
752 3340 850 3402 quarn
882 3318 1096 3385 Huschkiana
1127 3318 1254 3385 ratione

99 3424 137 3490 ad
155 3430 334 3512 praecepta
351 3419 393 3485 L.
414 3418 466 3486 40.
500 3417 740 3485 accommodari
775 3440 842 3483 non
873 3418 993 3487 debere
1015 3419 1253 3507 perspeximus.

98 3526 161 3593 Sed
185 3522 339 3589 facillime
359 3520 496 3587 soluitur
516 3519 598 3586 haec
618 3518 808 3597 difficultas,
841 3519 869 3583 si
899 3522 934 3585 in
966 3522 1007 3587 L.
1029 3523 1080 3589 40.
1114 3545 1182 3589 non
1213 3522 1255 3589 de

9 3651 10 3664 ι
98 3626 192 3692 tilio
221 3623 412 3702 substituto,
432 3622 492 3688 sed
512 3621 555 3687 de
584 3631 790 3687 extraneo
820 3621 922 3687 uerba
943 3645 1015 3688 esse
1033 3623 1118 3689 iacta
1134 3646 1254 3689 conoe-

101 3728 215 3805 dimus,
236 3725 327 3812 quod
336 3726 520 3791 Accvnsro
544 3722 587 3789 ad
606 3722 640 3787 h.
661 3722 684 3787 l.
717 3731 849 3789 auctore
871 3723 994 3790 dudum
1014 3724 1131 3793 iecisse
1154 3724 1251 3791 uideo

100 3828 283 3896 cvncrva
303 3850 337 3915 p.
359 3828 421 3894 00..

199 3931 412 3995 Hvscrmvs
434 3949 514 3994 uero
534 3950 568 4013 p.
588 3926 639 3994 87.
675 3927 776 4012 quum
809 3927 1018 3993 uehementer
1048 3927 1133 3993 hanc
1153 3926 1255 3993 inter-

100 4030 311 4117 pretationem
332 4030 518 4117 impugnet,
546 4049 630 4114 opus
650 4028 728 4107 erit,
763 4038 800 4093 ut
818 4028 925 4095 dubiis
949 4028 1017 4095 eius
1038 4028 1181 4095 breuiter
1200 4052 1257 4095 re-

136 4350 203 4422 m)
220 4356 251 4408 1„
270 4352 311 4407 ιο,
329 4356 353 4419 5,
371 4356 406 4420 4.,
424 4369 494 4420 quas
514 4354 568 4405 hnc
586 4368 648 4419 per·
698 4320 776 4419 tinet,
796 4353 867 4406 infra
885 4354 1107 4411 considerabitur.
