3067 5117
261 346 301 415 32

366 492 478 561 Tertio
499 494 573 559 loco
590 492 802 561 memoranda
817 505 866 560 est
884 496 1246 573 sententiaVoonuAa
1271 518 1342 583 cap.
1353 495 1418 562 XI.

262 600 293 683 S.
315 600 361 676 9.,
384 596 439 683 qui
463 592 648 661 Cvrscrvrt
667 594 865 681 impugnans
885 594 966 662 haec
986 596 1055 663 iere
1075 621 1135 663 sua
1156 598 1350 685 proposuit:

368 700 520 765 Testatur
539 695 670 781 reliquit
692 693 845 775 CCCC„
866 696 1004 763 heredes
1036 722 1078 763 ex
1115 699 1250 767 semisse
1284 700 1422 765 institnit
1472 724 1475 730 ·

263 802 365 867 filium
387 810 418 865 et
439 798 579 874 Titium,
610 797 732 863 'sitium
752 798 822 864 filio
846 798 1027 878 substituit,
1055 825 1075 866 a
1102 802 1230 888 pupillo
1260 812 1293 867 et
1321 800 1422 867 cohe-

263 903 341 969 rede
361 902 431 967 eius
452 911 488 965 ut
509 899 679 965 substituto
700 899 824 987 legauit
844 902 920 989 plus
942 900 1034 969 CO..
1074 904 1144 970 Iam
1164 903 1233 969 filio
1255 902 1340 968 iutra
1357 926 1421 990 pu-

263 1005 420 1071 bertatem
439 1014 567 1068 mortuo
597 1002 641 1067 ita
676 1013 725 1067 est
754 1002 900 1069 ineunda
929 1004 1113 1091 legatorum
1134 1006 1234 1083 ratio,
1266 1015 1302 1069 ut
1333 1004 1424 1091 apud

265 1105 460 1173 coheredem
480 1126 578 1190 „pars
600 1113 713 1189 quarta
740 1103 903 1172 bonorum
930 1106 1056 1193 pupillo
1090 1107 1288 1185 relictorum,
1309 1105 1364 1172 uel
1394 1105 1424 1169 si
1519 1195 1520 1198 Ἴ

265 1208 388 1285 mauis,
412 1206 577 1283 omnium,
600 1215 805 1292 computato,
827 1208 916 1294 quod
937 1208 1102 1295 legatariis
1124 1210 1191 1275 suis
1211 1205 1425 1294 iampridem

264 1308 418 1386 detraxit,
440 1314 638 1373 remaneat.“

369 1410 414 1476 At
433 1432 513 1475 uero
530 1409 713 1495 legatorum
729 1408 882 1475 secundis
905 1409 1022 1476 tabulis
1040 1410 1228 1478 relictorum
1255 1434 1355 1498 quum
1380 1434 1424 1477 ne

264 1511 441 1600 uestigium
461 1511 592 1597 quidem
626 1521 799 1597 appareat,
834 1523 921 1577 recte
941 1511 1026 1578 hanc
1056 1513 1291 1601 interpretandi
1319 1512 1424 1578 ratio-

264 1640 340 1683 nem
372 1614 569 1702 posteriores
603 1612 838 1698 neglexerunt,
886 1615 1078 1699 praesertim
1110 1638 1209 1701 quum
1244 1615 1424 1700 insequens

263 1740 395 1805 quoque
417 1714 615 1802 comparatio
637 1735 711 1779 cum
727 1713 857 1801 uulgari
878 1715 1107 1781 substitutione
1134 1716 1219 1783 iacta
1240 1718 1424 1785 Vooausn

263 1820 485 1907 suspicionem
504 1816 637 1903 egregie
660 1814 803 1895 refellat,
835 1815 912 1883 lieet
930 1819 1032 1885 multa
1056 1819 1098 1884 ad
1118 1818 1304 1887 euitandam
1336 1817 1425 1885 hanc

262 1922 477 1989 calamitatem
499 1916 681 1985 contulerit.

368 2024 493 2106 Quarta
515 2018 656 2104 denique
676 2022 758 2086 ratio
782 2033 847 2101 cst,
871 2046 968 2109 quam
988 2023 1143 2089 Glossa
1176 2022 1424 2109 comprobatam

262 2136 379 2213 postea
409 2123 565 2209 imprimis
598 2124 797 2209 argumentis
833 2124 962 2191 firmare
995 2125 1186 2191 studuerunt
1208 2127 1424 2191 Hvscfflssvs

261 2225 339 2296 Vol.
360 2225 434 2292 VII.
455 2246 488 2311 p.
510 2224 580 2293 210.
606 2235 638 2289 et
658 2224 921 2291 Vsueuuovrvs
942 2228 983 2292 A.
1005 2250 1037 2313 p.
1060 2227 1208 2313 ddi-³⁰).

367 2326 414 2391 Hi
434 2326 543 2413 itaque
563 2325 776 2393 hereditatem
806 2326 996 2394 exhaustam
1016 2328 1080 2395 hoc
1100 2328 1175 2395 loco
1206 2328 1326 2395 dictam
1347 2352 1423 2396 esse

263 2428 475 2495 hereditatem
505 2449 629 2513 usque·
643 2426 684 2491 ad
719 2422 911 2494 dodrantem
955 2428 1009 2495 uel
1055 2440 1142 2495 certe
1178 2454 1247 2497 nou
1283 2454 1421 2518 prorsus

262 2531 378 2619 legatis
401 2530 603 2618 absumptam
627 2528 785 2615 exemplis
808 2531 1000 2597 confirmare
1011 2542 1233 2611 mutauerant,
1256 2555 1320 2618 quo
1333 2534 1421 2601 facto

261 2646 329 2700 tum
357 2631 483 2699 demum
520 2641 656 2716 utraque
689 2631 841 2718 portione
874 2645 1008 2699 onerata
1043 2634 1276 2700 contributioni
1308 2635 1422 2701 locum

263 2758 336 2801 esse
356 2734 614 2811 contenderunt,
648 2732 676 2796 si
703 2731 875 2819 pupillaris
896 2734 1004 2820 portio
1025 2736 1134 2801 minus
1156 2736 1252 2803 fuerit
1272 2749 1420 2825 grauata

261 2838 336 2903 Hoc
359 2835 445 2901 enim
468 2858 546 2902 casu
569 2834 809 2900 contributione
830 2834 914 2901 facta
933 2859 1050 2903 reuera
1069 2839 1183 2924 augeri
1203 2838 1312 2927 legata
1330 2865 1421 2908 aco-

263 2938 383 3006 herede
404 2936 526 3003 relicta.
756 3004 759 3007 ,

366 3042 415 3106 Ac
438 3040 503 3104 iam
524 3038 619 3105 nobis
642 3038 730 3126 optio
751 3051 800 3105 est
819 3040 970 3107 facienda
1002 3041 1087 3107 inter
1116 3041 1249 3109 alteram
1272 3042 1422 3111 Oviscrr

267 3154 298 3210 et
317 3142 401 3209 hanc
423 3144 607 3209 Hvsurflffl
630 3153 726 3228 atque
747 3142 979 3231 Vsuaueovn
1002 3144 1205 3209 sententiam.

368 3245 445 3328 Qua
463 3246 496 3310 in
510 3244 733 3311 rer1A01vs
755 3267 823 3309 non
846 3244 1021 3311 admodum
1041 3247 1209 3331 aequitatis
1232 3248 1309 3327 illo,
1331 3251 1423 3335 quod

264 3346 382 3424 attulit,
397 3384 400 3390 ·
415 3357 589 3433 praecepto
616 3344 744 3411 uidetur
775 3344 941 3411 adiuuari:
973 3347 1152 3413 rectissime
1188 3350 1276 3415 enim
1310 3354 1423 3417 statuit

262 3451 434 3525 Vooeos,
456 3446 506 3524 id,
530 3446 619 3531 quod
642 3446 712 3511 iure
732 3446 852 3512 iactum
873 3459 978 3526 esset,
1001 3459 1139 3533 utroque
1161 3449 1282 3517 herede
1303 3476 1420 3539 super-

265 3550 359 3627 stite,
380 3548 531 3613 iniuriam
552 3546 657 3613 uideri
680 3570 747 3611 non
769 3569 868 3634 posse
891 3549 992 3615 altero
1008 3561 1146 3615 mort-uo.
1186 3552 1290 3619 Immo
1308 3556 1420 3639 pot-ius

265 3652 369 3736 ipsam
390 3648 473 3735 legis
495 3648 662 3715 Falcidiae
684 3649 898 3715 intentionem
917 3651 981 3718 hoc
1003 3675 1081 3719 casu
1105 3653 1148 3719 ad
1182 3654 1421 3723 contribuenda

263 3754 373 3841 legata
392 3750 592 3839 perducere,
614 3751 719 3838 possit
741 3752 905 3817 contendi.
948 3755 1229 3836 Testatorienim,
1253 3781 1353 3843 quum
1379 3784 1419 3825 ex

264 3960 463 3973 *auu—un·—

299 4078 345 4151 κο)
366 4083 452 4135 Etiam
471 4084 674 4162 Horpruuuvs
698 4098 725 4147 p.
751 4080 813 4135 att.
865 4084 1038 4135 coniecturae
1057 4101 1144 4151 „nec
1162 4089 1313 4153 ,emme
1336 4106 1417 4155 qm

153 4172 160 4187 '
261 4189 347 4239 prope
356 4174 552 4227 adGlossse
567 4177 813 4227 seutentismaecc·
864 4176 990 4227 Cunsrvs
1011 4194 1121 4243 qnoque
1144 4180 1269 4231 laudibus
1293 4182 1418 4233 distinxit

262 4268 316 4329 dit,
353 4268 417 4317 lieet
450 4268 535 4331 magis
566 4268 657 4318 fauere
687 4269 813 4319 uideatur
862 4269 1037 4335 1.1.p.75..
