3067 5117
1241 348 1283 417 41

230 502 277 587 3.)
299 502 413 588 Itaque
433 498 729 569 refutataOvmen
751 500 912 566 sententia
934 498 975 565 ad
998 520 1070 566 eam
1090 496 1283 586 progredia-

121 627 215 683 mur,
249 606 303 671 cui
338 604 516 671 clarissima
547 604 773 669 PFORDTENII
792 611 824 669 et
844 603 1029 667 Hvscumr
1050 600 1186 668 nomina
1203 600 1282 667 sub·

122 706 248 794 scripta
269 729 342 771 esse
362 706 520 795 uidimus.¹

231 808 310 891 Qua
330 807 364 871 in
385 830 420 873 re
454 807 592 893 longum
625 818 674 873 est
705 818 872 894 repetere,
905 830 970 893 qua
1004 806 1283 893 argumentatione

1 924 2 947 ¹
59 964 63 971 .
120 920 262 995 uterque
298 931 410 974 eorum
443 910 484 974 ad
512 909 650 975 eandem
679 910 867 996 peruenerit
898 909 1106 975 sententiam:
1138 906 1283 972 innuisse

121 1010 285 1089 sufficiet,
317 1011 580 1077 Psoaurumvm
599 1012 752 1098 principii
778 1011 918 1097 quadam
937 1011 1094 1096 petitione
1115 1034 1135 1075 a
1157 1008 1283 1095 regula,

121 1135 223 1199 quam
246 1112 460 1199 principalem
482 1114 541 1179 toti
562 1138 639 1180 suae
661 1112 929 1181 commentationi
947 1113 1117 1200 praefixit,
1152 1110 1211 1177 sed
1245 1132 1285 1176 ea

118 1215 259 1280 minime
281 1216 471 1281 confirmata
492 1216 629 1283 exoriri:
662 1215 943 1302 „quotiescunque
959 1237 1043 1279 unus
1062 1214 1173 1301 plures
1196 1213 1284 1279 eius-

120 1315 200 1382 dem
230 1315 420 1383 hereditatis
453 1317 621 1403 portiones
653 1317 799 1402 acquirat
833 1326 865 1381 et
900 1316 1050 1403 pluribus
1070 1340 1130 1382 suo
1151 1315 1285 1381 nomine

118 1416 234 1503 legata
255 1417 388 1495 debeat,
414 1418 508 1499 toties
531 1440 603 1483 esse
624 1416 857 1483 contributioui
874 1418 1027 1496 locum,“
1059 1420 1286 1485 Hvsclmvrd

120 1531 234 1585 autem
256 1519 428 1585 ratiocinio
449 1543 515 1585 non
535 1518 656 1605 ubique
676 1518 787 1605 logico
810 1520 880 1585 niti.
893 1523 946 1608 Η)

229 1619 338 1686 Nobis
358 1621 422 1687 hoc
439 1632 563 1687 tautum
585 1622 677 1697 cordi
700 1631 765 1698 est,
788 1631 912 1684 utnon
933 1621 1085 1687 sustineri
1104 1641 1204 1707 posse
1226 1618 1285 1685 de-

118 1733 346 1789 monstremus
367 1746 536 1801 summam,
560 1722 601 1789 ad
622 1745 718 1807 quam
738 1722 870 1787 tandem
887 1723 1106 1809 peruenerint,
1126 1720 1285 1809 regulam.

120 1826 237 1907 Quem
258 1824 301 1889 ad
317 1824 417 1891 finem
436 1848 541 1912 pauca
561 1848 581 1890 a
601 1824 749 1903 nemine,
788 1824 878 1910 quod
900 1824 1017 1903 sciam,
1048 1824 1153 1891 adhuc
1175 1822 1286 1889 oonsi-

120 1928 241 1992 derata
261 1926 513 2013 praemittemus.

233 2029 344 2115 Supra
374 2030 479 2107 euim,
513 2052 613 2114 quum
633 2029 675 2093 L.
696 2031 744 2098 11.
767 2031 799 2113 §-
817 2030 847 2096 5.
870 2028 1124 2115 explicaremus,
1153 2032 1286 2099 euenire

118 2152 227 2217 posse
248 2130 408 2209 uidimus,
436 2140 471 2195 ut
492 2130 681 2195 substitutus
705 2130 787 2195 nihil
806 2131 960 2208 retineat,
998 2129 1216 2216 quinetiam,
1251 2144 1287 2201 ut

120 2234 164 2299 de
202 2256 275 2298 suo
310 2232 419 2319 legata
436 2242 600 2319 praestare
623 2231 792 2319 cogendus
814 2233 865 2297 sit.
919 2233 990 2299 Iam
1015 2254 1089 2297 oum
1117 2232 1168 2299 his
1186 2234 1287 2303 uelim

122 2336 316 2403 conferatur
334 2336 376 2401 L.
397 2335 447 2402 59.
469 2333 510 2401 de
533 2356 603 2419 acq.
622 2333 677 2399 uel
698 2357 762 2400 om.
788 2334 982 2416 (XXVIIII,
1004 2334 1069 2419 2.):

208 2436 302 2520 „Qui
322 2437 407 2522 patri
426 2435 520 2527 heres
542 2435 679 2513 exstitit,
703 2434 730 2500 si
750 2435 840 2501 idem
859 2434 927 2500 filio
948 2434 1109 2521 impuberi
1131 2437 1287 2503 substitu-

208 2549 261 2603 tus
283 2547 349 2616 est,
368 2560 437 2603 non
457 2548 564 2623 potest
585 2536 798 2605 hereditatem
819 2537 889 2603 eius
909 2538 1175 2623 praetermittere,
1198 2541 1287 2625 quod

210 2640 259 2705 sie
279 2638 504 2725 recipiendum
520 2649 585 2717 est,
607 2640 721 2718 etiam,
753 2641 782 2705 si
801 2639 878 2704 uiuo
897 2638 1024 2725 pupillo
1045 2651 1193 2705 mortuus
1215 2642 1287 2721 erit,

212 2740 333 2807 deinde
353 2739 497 2827 pupillus
519 2739 669 2827 impubes
691 2741 884 2807 decesserit:
914 2764 990 2805 nam
1020 2740 1067 2817 is,
1101 2742 1158 2827 qui
1191 2740 1287 2809 heres

210 2841 389 2917 exstiterit,
423 2840 560 2923 (scilicet
588 2841 664 2907 huic
684 2842 797 2908 heredi
811 2846 835 2925 ‚)
878 2842 1005 2930 pupillo
1040 2864 1171 2928 quoque
1191 2841 1286 2911 heres

209 2943 416 3011 necessarius
438 2942 507 3020 erit,
529 2966 605 3008 narn
628 2943 656 3009 si
671 2945 725 3030 ⁴⁸)
747 2944 857 3030 ipsum
878 2943 1015 3008 inuitum
1036 2943 1177 3031 obligat,
1206 2970 1287 3012 con-

209 3045 304 3132 iungi
321 3068 394 3111 eam
413 3057 567 3131 pateruae
591 3044 772 3123 hereditati,
796 3055 828 3110 et
848 3042 1055 3110 accrescendi
1080 3044 1150 3111 iure
1163 3048 1288 3133 acquiri

213 3149 396 3235 cuicunque
417 3147 517 3235 patris
538 3147 667 3225 heredi,
691 3147 942 3213 existimandum
963 3147 1109 3231 est.“⁴⁹)

237 3252 307 3317 Iam
327 3252 415 3338 finge
429 3250 624 3316 coheredem
636 3250 763 3337 pupillo
789 3272 862 3316 esse
883 3247 1100 3325 substitutum,
1122 3258 1157 3314 et
1170 3250 1288 3335 pupilli

126 3355 344 3423 hereditatem
365 3376 443 3419 casu
464 3362 564 3417 totam
585 3352 742 3438 periisse,
772 3351 978 3418 substitutum
998 3358 1105 3415 autem
1125 3351 1209 3436 patri
1228 3375 1287 3419 ex-

169 3661 216 3725 Η)
238 3662 319 3726 Quod
328 3662 450 3727 pluribus
465 3660 594 3726 exposuit
606 3661 685 3712 Vsa·
734 3660 847 3711 structio
864 3657 920 3708 loci
936 3658 1084 3707 admodum
1101 3665 1145 3709 est
1163 3658 1287 3712 difficilis.

129 3769 278 3809 anovrvs
296 3755 332 3805 A.
352 3769 378 3818 p.
400 3751 488 3813 soe„
733 3754 899 3805 Persuasum
917 3751 1019 3813 habeo,
1048 3751 1195 3812 legendum
1212 3768 1289 3803 esse:

169 3840 216 3912 ⁴⁸)
233 3848 369 3899 Particula
389 3846 579 3897 conditionalis
607 3845 685 3909 „si“
735 3861 835 3910 „uam
856 3858 893 3894 se
911 3842 1059 3907 ipsum,“
1083 3858 1138 3907 quo
1158 3843 1246 3908 facto,
1266 3846 1290 3897 si

129 3954 191 3989 non
221 3940 336 4002 quadrat
371 3938 407 3987 ad
437 3951 535 3987 uocem
572 3938 685 4001 „inui-
734 3943 800 4002 port
825 3951 924 3987 uocem
958 3935 1200 4000 „hereditati“
1229 3952 1289 4001 gre·

130 4030 240 4093 tum,“
270 4029 324 4080 nisi
354 4029 425 4079 forte
445 4029 556 4092 dixeris,
573 4044 685 4081 sensum
735 4029 797 4079 uiue
823 4027 1042 4093 interpunxeris,
1072 4029 1179 4091 egregie
1199 4032 1290 4081 omnia

131 4137 214 4173 esse:
260 4136 359 4187 „nem
395 4122 424 4173 si
459 4129 683 4185 uerumest,
734 4123 887 4173 concinent.

131 4216 228 4278 quod
261 4214 376 4279 ip'sum
410 4214 560 4265 inuitum
588 4215 682 4265 obli·
771 4211 816 4277 ⁴⁹)
846 4215 889 4265 De
916 4214 968 4263 hae
994 4212 1124 4264 Nunsrn
1153 4215 1289 4266 sententie

130 4305 229 4368 gat,“
270 4313 461 4375 praeterquam
502 4308 577 4373 quod
616 4321 681 4357 con·
733 4306 766 4357 cf.
783 4306 855 4358 intre
874 4320 932 4371 esp.
951 4306 1005 4358 111.
1024 4302 1050 4373 h.
1071 4303 1127 4360 10..
