3067 5117
1206 344 1266 411 149

9 491 10 514 1
99 507 207 561 utrum
228 497 368 563 seruitus
388 498 522 584 publiea
542 523 584 563 an
607 499 735 584 priuata
758 496 889 562 tollatur
912 496 1066 561 seruitute
1088 496 1264 561 contraria:

99 624 173 664 nam
195 610 229 665 et
248 600 313 665 hoc
333 600 432 663 modo
452 600 618 685 antiquam
637 600 753 665 redimi
775 598 967 663 libertatem.
1009 598 1078 665 Sed
1105 598 1262 661 interesse

98 701 232 786 aliquid,
253 724 349 765 nemo
373 724 441 766 non
460 702 566 766 uidet:
589 712 619 765 ct
636 724 751 765 reuera
771 700 833 763 huc
855 698 1032 784 pertinent,
1055 720 1138 782 quae
1160 698 1257 763 VAN-

98 820 289 867 unuovrvn
310 802 351 866 de
372 802 581 867 seruitutibus
602 801 734 865 urbanis
754 822 822 865 non
843 812 930 864 recte
951 798 1257 885 disputauisse,'su-

99 927 158 989 pra
180 903 361 967 statuimus.
401 902 550 988 Legibus
571 903 657 967 enim
679 902 819 988 publicis
851 902 878 966 si
909 900 987 985 quid
1020 900 1060 964 de
1093 899 1261 964 aedificio-

97 1028 168 1068 rum
192 1003 361 1068 altitudine
383 1014 586 1081 statueretur,
609 1004 742 1067 omnino
762 1004 826 1067 hoc
855 1004 900 1066 ita
924 1000 1172 1086 intelligendum
1200 1012 1259 1077 est,

99 1115 131 1167 ut
161 1104 343 1168 dominium
375 1106 410 1168 in
441 1104 574 1169 urbanis
612 1103 755 1189 praediis
788 1102 873 1167 hanc
903 1102 1009 1166 statim
1037 1101 1260 1165 definitionem

97 1204 249 1288 recipiat:
292 1204 371 1280 „ius
397 1205 531 1290 plenum
552 1216 584 1270 et
604 1205 805 1271 exclusiuum
825 1204 859 1266 in
883 1204 1054 1290 superficie
1076 1226 1259 1285 sucusque

9 1377 10 1386 χ
97 1307 136 1370 ad
150 1305 266 1369 LXX.
286 1302 422 1389 pedes.“
446 1306 546 1387 Quod
565 1306 737 1371 sirectum
758 1304 917 1380 ducimus,
939 1302 1054 1389 procul
1078 1302 1177 1367 dubio
1199 1303 1260 1368 hac

95 1409 167 1493 lege
186 1406 325 1471 remissa
344 1406 490 1471 dominio
514 1406 637 1491 aliquid
658 1407 800 1483 accedet,
822 1418 854 1471 et
875 1403 1037 1471 seruitutis
1059 1405 1148 1469 notio
1173 1428 1253 1487 qua·

9 1531 10 1560 t
97 1510 159 1574 lem
182 1531 282 1594 supra
298 1507 504 1593 paragrapho
526 1510 554 1575 1.
578 1508 795 1585 exhibuimus,
816 1508 925 1572 locum
944 1505 1085 1571 habebit.

200 1612 353 1673 Attamen
384 1608 504 1684 fateor,
541 1632 647 1693 neque
682 1607 766 1673 hanc
801 1609 964 1672 seruitutis
997 1608 1091 1672 altius
1120 1607 1256 1672 tollendi
1299 1604 1303 1613 ’

98 1710 239 1796 speciem
268 1732 403 1794 prorsus
431 1710 536 1774 uideri
563 1708 759 1773 satisfacere.
831 1708 1168 1793 Circumspiciendum
1196 1709 1256 1773 ita·

100 1834 179 1895 que,
213 1833 290 1873 num
319 1802 398 1894 quid
423 1797 592 1896 practerea
619 1809 725 1895 possit
753 1809 915 1875 constitui.
963 1810 1121 1895 Legimus
1150 1820 1256 1873 autem

98 1915 135 1977 L.
161 1915 211 1980 11.
232 1936 283 1997 pr.
306 1912 346 1977 de
368 1913 404 1979 S.
424 1914 464 1977 Ρ.
488 1913 547 1979 V.:

176 2012 268 2095 „Qui
295 2012 471 2077 luminibus
498 2012 680 2077 uicinorum
709 2013 858 2089 olficere,
892 2013 1023 2077 aliudue
1050 2010 1128 2095 quid
1150 2011 1256 2074 lacere

175 2123 289 2178 contra
321 2112 530 2177 commodum
557 2135 670 2177 eorum
700 2112 815 2190 uellet,
852 2114 949 2189 scict,
989 2135 1023 2179 se
1052 2114 1189 2176 formam
1218 2132 1255 2173 ac

174 2224 292 2278 statum
313 2213 519 2297 antiquorum
542 2212 765 2278 aedificiorum
786 2214 949 2279 custodire
971 2214 1135 2279 deberc.“

100 2314 188 2396 Quid
218 2314 334 2399 igitur,
358 2316 386 2381 si
413 2314 576 2381 contrario
603 2313 698 2377 huius
719 2314 912 2400 praescripti
945 2316 1131 2382 seruitutem
1160 2311 1254 2377 altius

9 2499 10 2502 Ἴ
98 2414 231 2479 tollendi
246 2415 331 2481 effici
347 2416 528 2500 opinemur,
550 2425 585 2478 ut
598 2414 721 2479 scilicet
738 2414 765 2477 is
784 2414 834 2479 ius
853 2416 947 2481 altius
969 2414 1105 2481 tollendi
1125 2414 1253 2490 habeat,
1315 2456 1317 2461 ·

9 2539 10 2566 1
101 2516 150 2579 cui
170 2513 354 2580 aedificanti
375 2515 570 2602 permissum
593 2513 643 2589 sit,
667 2515 832 2599 antiquam
856 2518 996 2581 aedificii
1017 2518 1154 2581 formam
1187 2536 1255 2577 non

102 2639 228 2681 seruare
252 2627 284 2681 et
306 2617 405 2681 uicini
424 2616 557 2681 domum
579 2616 688 2700 aliquo
703 2617 815 2695 modo,
837 2618 895 2683 sed
916 2642 954 2683 co
978 2642 1045 2683 non
1068 2617 1175 2683 stricte
1196 2616 1254 2680 de·

101 2719 201 2795 finito,
224 2718 254 2783 si
276 2741 359 2804 opus
375 2717 490 2793 fuerit,
512 2716 546 2781 in
566 2716 735 2784 utilitatem
757 2740 848 2782 suam
869 2719 1022 2785 adhibere
1034 2768 1043 2797 ,
1066 2719 1156 2783 uelut
1173 2716 1255 2802 tigni

103 2819 291 2884 immittendi
312 2818 366 2882 uel
390 2817 499 2882 oneris
520 2817 645 2882 ferendi
668 2830 727 2882 etc.
752 2820 866 2904 gratia,
889 2842 1027 2903 quorum
1050 2807 1127 2903 quid
1156 2840 1257 2882 euen-

102 2932 204 2984 turum
225 2920 276 2995 sit,
299 2942 368 2984 non
390 2918 431 2983 ab
454 2917 547 2983 initio
569 2918 675 2983 statim
693 2919 852 3003 liquidum
874 2933 938 2996 cst,
952 2922 1005 3003 ²³]
1027 2919 1114 2983 unde
1137 2917 1258 2982 efficia-

139 3226 181 3291 21)
194 3228 235 3277 Ne
248 3225 440 3287 confundatur,
454 3238 566 3288 quaero,
585 3225 653 3273 haec

104 3320 168 3369 ratio
195 3336 256 3369 cum
278 3319 528 3369 Pncnasrncmtnr
545 3332 571 3380 p.
590 3314 651 3366 ra:

105 3412 143 3473 „si
167 3412 268 3461 scilicet
292 3410 397 3459 uicinus
423 3411 573 3458 concedere
603 3410 653 3456 dc-

105 3502 162 3550 beat
183 3502 277 3564 alteri,
307 3508 337 3549 ut
364 3501 411 3550 illc
440 3501 495 3549 suis
522 3500 652 3563 impensis

106 3594 331 3657 contignationem
356 3594 479 3657 imponat
502 3591 560 3640 eius
580 3591 652 3639 aedi·

106 3684 175 3747 bus,“
207 3685 250 3734 cui
278 3687 429 3735 sententiae
452 3684 556 3734 accedit
573 3697 652 3744 argu-

108 3776 196 3824 mentis
220 3776 321 3827 additis
340 3780 654 3828 Dnvrscnnrnaonavs

109 3863 145 3930 ἓξ.
161 3866 183 3916 5.
196 3866 229 3917 b..
265 3868 382 3933 Propius
401 3872 436 3918 ad
453 3874 576 3919 nostram
594 3881 655 3917 sen·

9 3961 10 4012 l
108 3959 211 4007 uatium
235 3962 361 4019 exparte
381 3963 452 4006 certe
471 3960 603 4009 accedunt
622 3958 657 4007 ci-

110 4050 151 4098 tari
179 4052 252 4113 apud
288 4048 475 4099 Srmvsslvrr
501 4050 524 4112 ξ.
556 4048 597 4099 15.
631 4056 658 4097 et

112 4138 294 4202 Scararrrnvs,
313 4141 346 4187 de
366 4154 420 4203 quo
440 4140 473 4192 cf.
491 4142 525 4191 R.
545 4140 575 4190 C.
588 4141 658 4190 Snu-

111 4242 288 4283 nrrnrnsrvs
306 4230 399 4281 metit.
417 4231 440 4282 l.
459 4231 485 4302 §-
497 4230 530 4283 8..
542 4232 659 4285 Omnino

703 3233 795 3276 tamen
833 3232 927 3275 contra
964 3225 1126 3276 sententiam
1162 3238 1257 3273 eorum

704 3320 871 3368 monendum
890 3325 945 3381 est,
965 3321 1053 3382 quod,
1078 3317 1100 3366 si
1118 3322 1192 3365 recta
1213 3330 1254 3365 es-

705 3417 760 3472 set,
788 3410 946 3459 seruitutem
971 3412 1041 3461 hanc
1071 3410 1099 3459 in
1130 3410 1255 3458 omnibus

704 3503 803 3566 ubique
822 3502 943 3562 aedibus,
963 3518 1018 3552 non
1038 3502 1133 3552 uicinis
1152 3506 1257 3551 tantum

704 3595 803 3643 habere
822 3606 975 3655 possemus.
1008 3594 1060 3643 Est
1081 3595 1152 3644 enim
1172 3595 1258 3643 serui-

703 3691 747 3734 tus
780 3684 842 3732 talis
871 3685 955 3745 magis
982 3685 1010 3735 in
1038 3702 1118 3736 usum
1146 3686 1258 3751 domini,

705 3791 787 3840 quarn
800 3775 904 3839 praedii
930 3777 1093 3828 dominantis
1112 3780 1257 3843 acquisita:

706 3882 795 3932 neque
818 3868 871 3917 hoc
893 3870 1007 3917 multum
1030 3876 1123 3934 potest
1147 3870 1257 3935 referre,

706 3967 796 4009 utrum
821 3974 870 4023 per
896 3967 1003 4022 portam
1021 3965 1067 4012 uel
1083 3966 1152 4013 adeo
1172 3966 1258 4028 porti-

708 4067 769 4101 cum
802 4050 843 4114 (cf.
873 4051 1118 4105 Sunnnsannarvs
1151 4052 1175 4120 ξ.
1207 4053 1259 4117 12.)

709 4143 797 4192 aditus
810 4142 845 4191 sit
857 4143 892 4191 ad
906 4144 1143 4210 contignationem,
1157 4162 1208 4197 nec
1218 4162 1262 4197 nc.
