3067 5117
288 418 329 486 54

288 570 476 659 propositae
509 570 600 657 parte
632 567 735 656 priori
770 564 812 631 de
843 588 909 631 uno
945 566 1128 652 eodemque
1162 564 1333 631 substituto
1365 562 1446 629 ultra

288 674 375 739 uires
410 672 570 761 portionis
609 694 687 736 suae
724 679 859 735 onerato
888 668 1119 733 Panmrrvn
1135 666 1237 733 uerba
1253 665 1370 732 fecisse
1389 688 1444 731 ex·

288 775 480 841 istimemus.

391 874 430 943 ln
449 874 659 963 sequentibus
677 872 796 937 deinde
816 881 938 937 rectam
956 870 1196 938 iureconsultus
1211 873 1352 961 explicat
1373 896 1445 939 sen-

288 976 439 1056 tentiam,
478 1000 542 1062 qua
563 984 693 1041 auctore
722 972 912 1039 substitutus
934 973 989 1038 ille
1012 974 1148 1059 perinde
1172 984 1318 1060 quartam
1342 975 1445 1040 detra-

288 1081 366 1158 hat,
400 1090 554 1165 „atquc
577 1075 1283 1163 siitapatriheresexstitisset.“
1335 1076 1447 1141 Hisin
1525 1133 1526 1138 ,

290 1180 400 1249 uerbis
422 1204 539 1247 uocem
561 1179 674 1257 ,‚ita“
697 1200 738 1243 ex
760 1177 913 1263 siglolT
935 1200 995 1264 pro
1030 1178 1321 1254 ,‚iustitutus“
1343 1189 1448 1243 natam
1525 1175 1526 1226 ἶ

291 1307 386 1362 esse,
409 1282 569 1369 sagaciter
590 1282 805 1345 Hvscumvs
823 1278 900 1346 Vol.
921 1278 979 1346 Vl.
1001 1302 1034 1364 p.
1054 1278 1125 1345 408.
1147 1278 1371 1344 demonstrare
1393 1302 1447 1344 co-

289 1397 384 1452 natus
411 1383 540 1469 est⁶⁴],
573 1382 662 1467 quod
695 1404 774 1445 num
795 1391 919 1446 rectum
941 1380 997 1457 sit,
1027 1381 1224 1466 perscrutari
1243 1396 1311 1445 non
1330 1404 1449 1467 possu-

290 1512 378 1553 mus:
402 1496 488 1553 certe
510 1482 695 1549 emendatio
718 1504 852 1569 prorsus
874 1492 923 1548 est
945 1501 1208 1566 superuacanea,
1230 1506 1330 1568 quum
1359 1484 1448 1549 iacil-
1525 1477 1526 1508 ³

290 1590 366 1656 lime
389 1588 498 1655 omnia
519 1584 583 1650 sint
605 1581 808 1671 explicanda.
1525 1657 1526 1678 ἒ

395 1690 658 1758 Vmanuovrvs
678 1684 718 1752 Ρ.
743 1711 776 1774 Ρ.
798 1684 887 1763 tau,
919 1686 1168 1751 Horruarmvs
1189 1709 1223 1773 Ρ.
1244 1689 1333 1765 351.,
1370 1688 1448 1755 Sre-
1525 1713 1526 1728 2

293 1805 440 1855 nvunvs
460 1812 492 1877 p.
514 1790 578 1863 31..
623 1788 847 1857 Smrmusrvs
870 1786 904 1851 in
925 1786 1078 1852 uersione
1097 1788 1244 1873 corporis
1265 1788 1345 1853 iuris
1366 1789 1449 1853 huno
1525 1823 1526 1826 π

290 1890 357 1956 lere
378 1890 444 1956 loci
465 1912 597 1956 sensum
619 1890 791 1957 exhibent:
826 1890 985 1977 „quasi
1005 1889 1127 1955 heres
1150 1889 1285 1975 patris
1307 1898 1448 1956 esset“
1525 1955 1526 1966 Ρ

290 2033 330 2045 -
364 1993 515 2078 „quasi
550 1992 663 2058 nulla
696 2013 882 2078 persona
919 1990 1218 2057 intercedente
1252 1992 1370 2077 patri
1402 2014 1450 2057 ex

291 2092 471 2159 semisse
516 2091 638 2159 heres
683 2093 973 2159 exstitisset.“
1046 2091 1300 2159 Proanrnmvs
1334 2116 1369 2178 p.
1401 2094 1449 2159 bb.

290 2193 401 2262 neseio
424 2217 489 2281 quo
510 2194 580 2259 iure
604 2193 751 2281 supplet:
785 2207 942 2281 „atque
975 2194 1030 2259 ita
1052 2194 1396 2281 relinqueretur,
1417 2194 1450 2257 si

292 2302 405 2362 ...“.
447 2296 541 2381 Quos
566 2318 679 2363 omnes
702 2297 795 2383 sequi
816 2296 928 2362 nolim.
977 2296 1102 2363 Verum
1119 2296 1170 2361 uis
1191 2296 1309 2360 horum
1329 2296 1450 2361 uerbo-

288 2420 361 2463 rum
381 2420 449 2463 non
471 2397 532 2464 sita
558 2408 607 2463 est
640 2394 674 2463 in
704 2397 866 2465 uocabulo
905 2398 1022 2476 „ita“
1067 2399 1126 2463 sed
1156 2398 1264 2487 potius
1298 2398 1333 2461 in
1370 2420 1450 2463 uoce
1525 2461 1526 2484 Ρ

291 2497 480 2586 ,‚patri‚“
512 2500 633 2578 ‚,ita“
666 2511 773 2567 autem
799 2500 978 2566 rectissime
1009 2499 1190 2588 significat,
1224 2499 1334 2565 omnia
1355 2521 1449 2586 prae-

290 2613 380 2667 terea
400 2601 516 2667 codem
537 2602 636 2668 modo
659 2602 741 2688 fingi
762 2601 883 2668 debere
905 2612 1001 2688 atque
1023 2614 1135 2681 antea,
1158 2602 1269 2681 idest,
1293 2602 1449 2668 substitu·

289 2714 357 2767 tum
379 2724 451 2767 esse
472 2700 626 2769 heredem
648 2704 681 2768 in
704 2704 872 2771 semissem
895 2715 926 2770 et
947 2703 1132 2791 portionem
1152 2704 1221 2769 eius
1247 2703 1448 2783 exhaustam,
1525 2697 1526 2700 ¹

289 2815 321 2869 et
348 2803 433 2869 hanc
469 2805 767 2893 interpretationem
805 2829 856 2871 me
898 2807 1006 2873 iudice
1049 2806 1147 2871 unice
1181 2817 1302 2871 rectam
1344 2806 1450 2871 innuit

288 2902 444 2973 VOORDA
467 2904 578 2973 dicens
610 2906 1331 2995 „exsemisselegatisexhausto“
1367 2910 1450 2996 patri
1525 2897 1526 2928 ³

289 3009 485 3075 successisse
508 3006 671 3075 heredem.

391 3108 435 3205 3.)
455 3112 524 3179 Iam
546 3110 710 3197 aptissime
732 3111 892 3197 pergitur:

368 3212 451 3290 „Vt
479 3214 594 3279 enim
625 3236 720 3300 opes
750 3214 882 3298 patris
911 3225 951 3279 ct
979 3214 1251 3282 contributio
1276 3216 1447 3304 legato·
1525 3215 1526 3240 ³

286 3326 373 3378 rum
394 3312 492 3379 inde
514 3306 689 3397 capiunt
717 3324 754 3378 et
774 3314 944 3381 formam
965 3325 1003 3381 et
1027 3316 1277 3402 originem.“

389 3414 466 3479 Vox
495 3412 654 3491 ,‚inde“
683 3436 747 3498 quo
768 3416 940 3483 referenda
958 3418 1016 3493 sit,
1046 3438 1200 3504 magnam
1221 3420 1376 3486 excitauit
1397 3423 1447 3486 in·
1525 3437 1526 3456 ¹

290 3524 467 3600 terpretum
494 3514 615 3592 rixam,
645 3538 742 3600 quam
770 3539 865 3581 nemo
890 3513 996 3583 adhue
1017 3520 1062 3585 ita
1081 3516 1207 3599 finiuit,
1232 3531 1267 3585 ut
1288 3517 1446 3588 dubitatio
1525 3525 1526 3532 '

285 3614 376 3683 nulla
396 3616 642 3703 relinqueretur.
691 3618 766 3683 Hoc
795 3618 927 3703 quidem
954 3631 1076 3686 certum
1104 3644 1177 3687 esse
1206 3620 1350 3701 uidetur,
1376 3625 1447 3689 fieri
1525 3609 1526 3634 ³

284 3734 353 3782 non
372 3730 483 3803 posse,
508 3719 596 3805 quod
617 3720 816 3786 DVARENVS
836 3723 1019 3806 proposuit,
1041 3720 1197 3801 ‚,inde“
1226 3722 1372 3791 indicare
1395 3750 1446 3791 re·

287 3820 398 3905 gulam
431 3831 593 3899 ueterum,
620 3822 655 3886 in
688 3846 752 3907 qua
786 3822 979 3907 explicanda
1013 3847 1191 3890 uersemur.
1229 3826 1446 3893 Hvscfflnvs
1525 3909 1526 3912 Ἴ

285 3922 512 3988 emendatione
532 3923 633 4001 lacta,
658 3946 754 4010 quam
776 3923 875 3989 modo
897 3924 1083 4006 retulimus,
1106 3940 1138 3995 et
1159 3928 1234 3995 huic
1257 3928 1343 3994 malo
1367 3930 1445 3994 sub-

285 4020 390 4088 ueniri
406 4033 506 4110 putat,
528 4048 624 4110 quern
648 4024 792 4113 sequitur
806 4024 1068 4096 Vanenuovws
1089 4031 1131 4097 A.
1145 4055 1177 4119 p.
1189 4030 1270 4102 242..
1300 4029 1445 4098 Pronu-

285 4232 485 4241 -ι--ι--η-

290 4345 335 4416 ⁸⁴)
355 4353 442 4417 Quem
462 4355 582 4419 sequitur
594 4356 806 4407 vraasrovrvs
867 4355 902 4407 Α.
915 4372 946 4421 p.
966 4358 1040 4424 ala,
1062 4363 1106 4413 ed,
1127 4362 1177 4415 VI.
1197 4377 1226 4427 p.
1244 4360 1317 4414 550..
