3067 5117
291 401 352 472 uo

289 577 331 620 cx
350 554 561 621 formularum
584 553 801 622 fundamentis
822 566 922 622 totam
944 553 1029 622 hauc
1048 579 1119 622 rem
1140 552 1359 622 decidendam
1379 574 1450 620 esse

289 654 445 720 docuerit.
487 655 556 722 Sed
581 667 695 722 contra
723 658 854 735 neseio,
884 680 949 743 qua
975 657 1116 742 caligine
1145 657 1279 722 obrutus
1303 655 1450 720 funditus
1516 732 1517 743 3

288 755 444 820 errauerit
465 755 516 819 uir
536 779 657 842 sagax,
680 781 780 842 quum
802 770 834 823 et
855 757 926 843 ipse
948 758 990 823 ad
1012 757 1143 823 inanem
1163 757 1253 822 illam
1275 768 1308 822 et
1324 756 1451 821 futilem
1516 748 1517 751 ¹

286 855 390 920 rixam
415 857 602 934 recurrerit,
627 878 691 942 qua
712 857 895 944 disputatur
914 860 948 922 in
968 881 1064 922 usum
1083 868 1213 923 nostrae
1235 857 1451 943 quaestionis,
1516 866 1517 871 ’

286 969 395 1022 utrum
425 958 575 1042 negantis
607 957 757 1042 probatio
782 960 842 1035 sit,
877 981 939 1023 nec
959 982 1012 1024 ne.
1042 958 1094 1024 Cf.
1118 958 1203 1023 iufra
1229 959 1260 1042 §.
1294 959 1360 1027 28..
1410 959 1454 1021 Et

289 1057 369 1123 haec
392 1057 501 1121 omnia
521 1057 598 1124 inde
620 1059 818 1136 acciderunt,
840 1060 930 1144 quod
951 1060 1206 1135 Vanrnnmvs,
1229 1059 1306 1124 licet
1330 1072 1453 1124 rectam

287 1159 375 1223 uiam
396 1158 430 1222 iu
449 1158 554 1223 oculis
576 1159 734 1237 habuerit,
752 1159 850 1224 nimis
871 1171 978 1225 tamen
999 1160 1128 1226 facilem
1149 1161 1220 1224 eius
1242 1160 1371 1226 aditum
1391 1185 1452 1246 pu·
1516 1200 1517 1209 κ

288 1259 377 1336 teuit,
399 1281 506 1345 neque
527 1259 560 1322 in
581 1260 728 1326 formulis
749 1272 897 1327 accurate
921 1262 1167 1339 constituendis,
1188 1283 1295 1346 neque
1317 1263 1355 1326 in
1376 1262 1452 1327 fun·

284 1360 447 1428 dumentis
468 1383 579 1426 earum
599 1360 756 1426 industrie
778 1362 988 1427 enucleandis
1010 1363 1087 1426 satis
1108 1373 1256 1426 uersatus
1275 1373 1339 1427 cst.
1382 1363 1452 1426 No·
1516 1400 1517 1425 1

287 1461 338 1526 bis
371 1460 469 1546 igitur
501 1460 535 1524 in
566 1461 776 1545 sequentihus
806 1487 901 1529 curae
938 1464 1015 1540 erit,
1055 1474 1091 1527 ut
1121 1464 1282 1528 rationem
1315 1464 1453 1550 quidem
1516 1486 1517 1525 1

287 1562 493 1628 Vnmumn
514 1585 697 1647 sequamur,
716 1563 797 1628 uitia
817 1575 925 1628 tamen
940 1565 1022 1641 eius,
1044 1565 1133 1648 quod
1154 1564 1248 1630 salua
1265 1565 1334 1630 uiri
1357 1589 1453 1650 egre·

288 1663 334 1748 gii
355 1661 543 1728 auctoritate
566 1663 753 1743 dixerimus,
776 1665 872 1730 nimis
895 1665 1010 1751 grauia
1029 1666 1193 1751 corrigere
1216 1665 1422 1730 studeamus.

393 1762 547 1828 Ceterum
568 1762 601 1826 in
625 1766 836 1850 sequentibus
854 1767 921 1832 fere
942 1765 1022 1830 nudi
1043 1789 1154 1831 sumus
1176 1767 1327 1842 auxiliis,
1353 1787 1452 1851 mrum
1516 1832 1517 1835 ,

287 1886 349 1929 nac
372 1864 579 1928 Zaonaums
609 1866 657 1950 (p.
679 1867 764 1950 273.)
799 1890 861 1932 nec
879 1869 1104 1934 Soumorrvs
1134 1868 1185 1951 [p.
1206 1867 1265 1934 169
1288 1867 1310 1930 i.
1337 1868 1380 1951 f.)
1400 1868 1450 1930 fu-

289 1967 355 2030 sius
378 1964 500 2049 aliquid
522 1965 659 2030 disserat
682 1977 714 2032 et
734 1969 995 2034 Vmennovrvs
1020 1970 1066 2052 (§·
1089 1970 1160 2035 353.
1181 1991 1214 2031 n.
1236 1971 1267 2037 2.
1289 1969 1326 2033 in
1350 1970 1449 2050 med.)

288 2068 343 2133 uix
365 2067 527 2152 cogitasse
548 2065 696 2133 uideatur
718 2065 759 2134 de
778 2068 828 2133 his
850 2070 959 2135 rebus.
1516 2062 1517 2065 ¹

764 2369 964 2379 ψ...

810 2647 842 2732 s.
867 2647 915 2716 u.

369 2821 406 2872 11.
445 2823 494 2872 DE
514 2820 635 2872 ONERE
654 2819 845 2874 PROBANDI
864 2823 905 2874 IN
922 2824 1090 2877 ACTIONE
1109 2825 1379 2878 CONFESSORIA.

390 3021 580 3088 Formulam
602 3025 737 3091 actionis
759 3026 1039 3110 confessoriae³⁴)
1061 3025 1146 3092 hanc
1169 3027 1407 3093 constituimus:

435 3142 467 3189 sr
494 3138 727 3190 .rauun.A⁰
752 3131 824 3192 ..ιθ
848 3147 935 3192 .1vs
959 3144 1442 3195 ‚nssn.vruun1.rnvuu-
1516 3138 1517 3141 ’

433 3245 473 3290 nr
496 3271 503 3288 .
527 3229 652 3306 (nuum
675 3275 683 3290 .
705 3245 843 3294 aenum
866 3278 873 3293 .
896 3229 947 3314 m)
967 3277 974 3292 .
996 3245 1118 3292 rvuno
1143 3276 1150 3291 .
1175 3247 1414 3295 conunmauo.
1516 3288 1517 3315 3

389 3327 466 3411 Qua
486 3326 520 3390 in
541 3325 731 3406 intentione,
754 3326 834 3412 quid
855 3328 1061 3411 probandum
1084 3330 1124 3393 sit
1145 3341 1318 3414 antequam
1340 3354 1441 3417 expo·
1516 3340 1517 3413 j

283 3449 410 3504 nemus,
434 3427 514 3492 duas
535 3429 761 3512 quaestiones,
790 3430 958 3515 hucusque
986 3455 1006 3496 a
1024 3429 1121 3495 nobis
1145 3431 1310 3518 neglectas
1334 3433 1442 3498 breui·

284 3545 333 3594 ter
355 3527 565 3614 attingemus:
1516 3538 1517 3615 3

389 3628 621 3708 1⁰‚Contra
651 3656 767 3718 quem
809 3634 913 3698 hacc
953 3632 1065 3696 actio
1106 3635 1247 3717 possit
1289 3635 1440 3722 dirigi?
1516 3626 1517 3705 i

280 3730 562 3854 Respondendum
580 3743 645 3810 est,
675 3735 770 3801 certis
792 3734 903 3822 legum
932 3734 1156 3800 confirmatum
1179 3759 1250 3802 esse
1279 3738 1439 3823 praescri·
1516 3752 1517 3835 3

280 3921 480 3936 m

317 4043 363 4108 ³⁰)
384 4046 440 4096 Vix
463 4044 629 4095 monendum
653 4048 708 4108 est,
742 4045 776 4092 de
801 4057 833 4093 ea
883 4045 913 4094 L.
928 4041 971 4097 23.
989 4043 1011 4105 §.
1040 4045 1089 4095 ult.
1117 4045 1148 4096 L.
1172 4043 1215 4097 25.
1234 4044 1257 4107 ς.
1278 4044 1302 4097 t.
1320 4048 1356 4097 ad
1373 4051 1436 4107 Leg.

279 4141 384 4185 tantum
401 4152 453 4188 nos
477 4139 584 4188 actione
604 4135 833 4186 consessor-islo·
883 4137 1155 4202 Aqun.3V1111,2.)
1174 4154 1226 4188 nos
1256 4140 1368 4190 omnino
1381 4154 1434 4188 non
1516 4118 1517 4155 ³

280 4228 334 4295 qui,
360 4244 428 4298 quae
459 4232 492 4279 de
527 4231 702 4281 seruitutibus
726 4228 835 4292 prodita
883 4230 998 4290 attingit.
1035 4231 1076 4280 Cf.
1097 4231 1260 4281 Gursnanrs
1279 4228 1305 4296 ξ.
1320 4231 1345 4282 7.
1363 4232 1395 4282 8..

280 4333 330 4380 est.
364 4327 414 4391 Ea,
438 4337 518 4388 quam
535 4329 669 4374 memorat
685 4324 834 4374 Varranvs
