3067 5117
1252 423 1296 491 73

213 568 298 637 ratio
321 572 548 651 contundetur,
568 594 668 659 quum
688 572 764 639 ideo
786 572 897 660 legata
915 572 1026 640 ualere
1046 572 1164 639 dixerit
1171 572 1293 641 Ima-

210 688 281 738 st
303 696 323 739 a
347 674 518 740 substituto
538 674 659 752 relicta,
680 674 770 761 quod
789 673 876 739 idem
897 674 981 760 patri
993 674 1089 741 heres
1104 674 1293 741 exstiterit.“

129 770 196 838 Vbi
206 772 307 860 plane
318 775 487 861 incipiunt,
501 778 555 863 qui
567 777 766 844 Glossam
787 776 889 842 secuti
899 798 969 841 non
982 775 1024 841 de
1043 775 1293 863 legatorum,

129 873 188 937 sed
200 874 245 940 de
265 876 492 963 utriusque
512 877 758 965 patrimonii
778 878 971 943 confusione
991 876 1056 943 dici
1067 879 1243 963 opinantur
1257 890 1293 946 ut

21 1014 23 1053 r
128 974 374 1044 Rossnnamvs
392 1002 425 1066 p.
445 980 515 1047 536.
538 1003 570 1045 n.
591 980 633 1047 4..
653 976 706 1045 Cf.
725 979 980 1046 Pronnrnrrvs
1002 979 1109 1066 pac,
1131 978 1187 1065 qui
1203 989 1291 1048 recta

131 1076 266 1143 iudicat.

237 1180 357 1246 Paullo
380 1180 471 1247 aliter
490 1204 543 1248 res
563 1202 599 1248 se
619 1181 717 1249 habet
742 1182 784 1247 L.
803 1182 854 1250 87.
876 1183 908 1266 S.
928 1184 959 1249 7.
983 1180 1025 1247 ad
1048 1181 1132 1267 Leg.
1150 1181 1259 1248 Falsa

211 1282 305 1363 „Qui
325 1282 413 1349 filios
434 1284 620 1371 impuberes
641 1282 706 1349 duo
723 1282 885 1359 habebat,
907 1283 1043 1348 alterum
1062 1281 1218 1348 heredem
1238 1282 1291 1349 in·

210 1384 324 1462 stituit,
347 1384 483 1452 alterum
500 1384 727 1461 exheredauit‚
752 1382 871 1449 deinde
894 1382 1125 1450 exheredatum
1145 1384 1291 1451 instituto

210 1484 378 1551 substituit
406 1512 444 1553 ac
469 1498 586 1575 postea
610 1484 807 1553 exheredato
827 1484 995 1549 Maeuium
1022 1494 1055 1551 et
1075 1485 1176 1552 abeo
1197 1487 1290 1575 lega·

209 1587 275 1664 uit,
304 1596 337 1653 et
364 1588 578 1655 exheredatus
598 1588 687 1653 fratri
708 1585 870 1673 impuberi
891 1586 1011 1651 exstitit
1030 1586 1144 1666 heres,
1171 1588 1291 1657 deinde

207 1687 359 1775 impubes
382 1689 531 1755 decessit.
553 1691 666 1775 Quum
685 1686 808 1753 iudicio
825 1687 926 1772 patris
948 1687 1116 1755 facultates
1136 1702 1291 1777 paternae

208 1812 270 1876 per
298 1811 447 1855 caussam
469 1790 697 1857 hereditariam
723 1812 764 1855 ex
790 1788 1018 1855 substitutione
1051 1789 1092 1855 ad
1120 1814 1194 1857 eum
1214 1816 1291 1879 per-

210 1888 357 1967 ueniant,
378 1902 488 1978 potest
508 1892 583 1971 dici,
604 1893 714 1978 legata
736 1890 777 1956 ab
797 1912 838 1957 eo
855 1890 969 1956 relicta
988 1893 1185 1977 praestanda
1205 1918 1289 1974 esse,

210 1989 323 2055 habita
345 1992 472 2059 ratione
497 1992 581 2081 legis
602 1992 770 2060 Falcidiae
794 1991 829 2056 in
857 1990 909 2056 his
936 1990 1052 2069 bonis,
1084 2014 1168 2079 quae
1195 2005 1291 2082 pater

209 2091 323 2157 mortis
345 2102 491 2180 tempore
511 2093 712 2180 reliquerit.“

235 2194 407 2261 Ivmsuvs
441 2196 555 2283 fingit,
586 2205 772 2262 testatorem
796 2191 975 2259 instituisse
1002 2192 1158 2261 heredem
1185 2196 1289 2267 lilium

127 2294 334 2384 impuberem
356 2296 494 2374 Gaium,
517 2296 720 2372 substituisse
743 2294 975 2361 exheredatum
995 2294 1136 2376 Titium,
1158 2300 1189 2365 ei
1210 2302 1290 2369 sub·

128 2400 273 2467 stituisse
295 2408 483 2463 extraneum
501 2398 670 2464 Maeuium
693 2406 725 2463 et
746 2397 787 2462 ab
810 2420 850 2462 eo
873 2396 1013 2483 legasse.
1053 2398 1206 2467 Maeuius
1227 2403 1290 2469 ita-

129 2526 194 2591 que
219 2496 274 2568 est'
297 2498 492 2565 exheredato
520 2498 710 2564 substitutus
733 2520 842 2583 neque
867 2509 975 2564 tamen
995 2498 1030 2563 in
1047 2511 1172 2586 partem
1192 2504 1289 2571 here-

131 2604 241 2671 ditatis
270 2612 425 2689 paternae
452 2601 636 2679 institutus,
664 2610 829 2667 ettamen
857 2599 987 2665 soluere
1009 2600 1119 2687 legata
1142 2616 1289 2692 cogetur.

127 2708 206 2793 Ipse
229 2702 481 2780 iureconsultus,
504 2724 560 2769 cur
576 2702 641 2770 hoc
661 2702 706 2769 ita
724 2702 791 2779 fiat,
813 2700 973 2766 rationem
994 2701 1128 2781 addidit,
1151 2716 1290 2776 atcerte

127 2830 200 2873 rem
219 2828 281 2872 acu
305 2804 428 2891 tetigit,
457 2804 535 2890 quia
552 2804 704 2871 Maeuius
731 2826 792 2890 per
813 2822 961 2867 caussam
979 2801 1206 2873 hereditariam
1227 2832 1289 2875 uo.

128 2909 254 2973 luntate
283 2929 321 2971 ac
340 2904 461 2972 iudicio
491 2900 591 2993 patris
618 2906 708 2971 bona
743 2903 814 2969 eius
846 2904 1016 2989 acceperit.
1064 2906 1288 2978 Exheredatus

129 3011 219 3078 enim
246 3008 391 3074 instituto
424 3006 613 3073 substitutus
641 3028 710 3071 non
737 3004 869 3090 quidem
888 3004 1120 3085 exheredatus,
1148 3010 1208 3075 sed
1228 3013 1289 3080 sub

128 3108 319 3178 condidere
341 3107 469 3174 uidetur
488 3108 650 3173 institutus
671 3127 754 3171 esse.
794 3106 926 3190 Itaque,
947 3105 975 3170 si
996 3107 1153 3174 exstiterit
1172 3113 1288 3177 condi-

129 3212 188 3289 tio,
216 3211 315 3297 plane
341 3212 424 3297 patri
443 3211 537 3277 heres
560 3208 721 3275 exstitisse
742 3206 907 3294 putabitur
927 3217 959 3272 et
981 3208 1172 3276 substitutus
1193 3214 1288 3280 Mae.

128 3312 204 3379 uius
226 3310 363 3400 perinde
382 3312 553 3379 habendus
575 3321 639 3387 est,
671 3332 709 3376 ac
735 3309 763 3374 si
789 3307 933 3373 instituto
954 3308 1069 3375 fuisset
1088 3308 1289 3379 substitutus.

235 3414 290 3477 Ex
317 3411 374 3480 illa
408 3424 516 3481 autem
542 3415 684 3480 Ivnrsrr
716 3409 964 3507 ratiocinatione
1002 3410 1098 3475 simul
1133 3412 1289 3497 sequitur,

130 3514 233 3603 qnod,
261 3515 326 3579 nisi
356 3514 523 3582 uoluntate
550 3515 651 3603 patris
681 3511 722 3578 ad
750 3534 825 3577 eum
851 3511 941 3576 bona
966 3522 1102 3597 paterna
1127 3514 1288 3595 uenerint,

129 3615 322 3681 substitutus
351 3616 538 3683 exheredati
566 3638 634 3681 non
664 3614 803 3702 amplius
830 3622 975 3689 tenetur,
1009 3634 1047 3677 ac
1073 3612 1101 3677 si
1121 3636 1288 3701 nunquam

129 3716 346 3784 exheredatus
374 3718 474 3804 patris
503 3717 715 3784 hereditatem
742 3714 910 3801 attigisset.
951 3718 995 3781 Et
1019 3716 1083 3782 hcc
1100 3717 1209 3802 ipsum
1229 3739 1289 3782 ex-

126 3819 279 3907 primitur
300 3818 510 3904 sequentibus
531 3818 615 3904 legis
635 3813 734 3881 modo
755 3815 870 3881 citatae
891 3819 1016 3884 uerbisr

212 3920 332 3999 „Dicet
353 3920 486 4006 aliquis:
526 3918 616 4005 Quid
636 3939 733 4003 ergo,
762 3916 790 3981 si
820 3918 1034 3985 exheredatus
1051 3918 1137 3983 filius
1158 3940 1226 3983 non
1247 3941 1289 3987 ex

210 4021 438 4088 substitutione
458 4020 548 4087 fratri
570 4042 629 4085 suc
650 4018 745 4085 heres
768 4019 942 4097 exstiterit,
975 4020 1034 4086 sed
1062 4030 1119 4086 aut
1136 4020 1212 4109 lege
1234 4033 1290 4087 aut

210 4146 269 4212 per
287 4121 511 4209 interpositam
536 4144 713 4209 personam
737 4131 833 4206 atquc
854 4121 899 4187 ita
918 4121 1068 4209 impubes
1089 4122 1288 4189 decesserit?

211 4222 268 4292 Sic
296 4246 427 4311 quoque
456 4223 688 4289 existimandus
718 4222 779 4288 erit
803 4221 994 4289 substitutus
1014 4224 1125 4311 legata
1145 4224 1288 4290 debere?

209 4323 363 4391 Minime!
410 4324 497 4391 Nam
523 4336 679 4411 quantum
705 4322 850 4403 intersit,
885 4324 1099 4392 exheredatus
1129 4325 1216 4390 lilius
1246 4346 1289 4391 ex
