3067 5117
297 425 339 495 to

401 575 471 643 Iom
498 584 650 663 quattuor
679 570 855 661 praecipue
878 580 1069 651 occurrunt,
1106 567 1380 658 quemadmodum
1405 567 1451 634 le-

296 688 373 767 geta
391 676 588 767 praestando
606 676 688 754 sint,
711 674 906 743 sententiae:
1007 724 1011 727 -

403 780 449 865 1.)
475 779 603 865 Legata
629 775 742 864 primis
771 788 804 843 et
831 777 984 843 secundis
1014 774 1134 843 tabulis
1166 798 1187 840 o
1219 776 1451 842 substituto

298 880 509 950 coherede
529 878 643 945 relicte
662 877 895 945 confundenda
914 901 1003 957 esse,
1024 889 1057 945 et
1076 875 1171 964 quusi
1190 899 1232 943 ex
1250 888 1341 964 porte
1361 899 1452 964 pure,

298 1007 340 1051 ex
365 993 457 1070 perte
485 980 545 1047 sub
568 978 756 1046 conditione
779 980 820 1047 ab
841 1004 881 1047 eo
910 980 1024 1047 relicte
1049 978 1139 1057 sint,
1168 976 1209 1043 ab
1238 1001 1278 1043 eo.
1304 978 1453 1065 portione

298 1082 517 1161 detrahendo,
539 1080 573 1147 in
596 1102 693 1166 quam
715 1081 937 1168 principaliter
956 1081 1120 1147 institutus
1140 1080 1254 1156 fuerit,
1284 1080 1330 1145 ite
1349 1089 1401 1157 ut,
1429 1078 1456 1142 si

299 1185 377 1273 qnid
398 1184 482 1251 ultro
505 1181 717 1271 quadrantem
738 1205 780 1248 ex
800 1182 916 1269 pupilli
936 1183 1088 1271 portione
1110 1193 1227 1259 restet,
1248 1204 1289 1247 eo
1311 1202 1454 1267 augean-

224 1333 227 1342 ν
300 1300 352 1354 tur
373 1286 483 1375 legata
504 1310 524 1351 a
542 1284 703 1352 coherede
733 1284 879 1370 utrisque
912 1283 1030 1351 tabulis
1064 1284 1193 1362 relicte,
1241 1284 1293 1349 sin
1332 1282 1455 1358 minus,

301 1392 475 1476 utriusque
497 1387 659 1476 portionis
680 1395 827 1470 quartem
846 1385 1036 1472 habeot.⁸⁴)
1076 1387 1189 1471 Itaque
1225 1384 1260 1448 in
1281 1406 1339 1460 eo,
1362 1406 1457 1469 quem

300 1492 530 1581 descripsimus
557 1511 656 1563 cocu,
682 1487 789 1553 Titius
810 1487 943 1555 hebebit
964 1486 1171 1565 CXXXX„
1189 1487 1300 1573 legata
1320 1485 1360 1552 ab
1384 1486 1455 1571 ipso

299 1596 444 1682 utrisque
467 1590 585 1661 tabulis
606 1589 720 1658 relicta
739 1589 848 1657 solida
867 1590 988 1669 soluet,
1026 1590 1144 1678 pnpilli
1175 1588 1324 1675 legatarii
1354 1586 1455 1653 hebe-

298 1698 380 1765 bunt
400 1696 490 1764 CL..

402 1800 451 1885 2.)
478 1798 562 1867 Vico
598 1818 695 1862 uersa
723 1793 779 1862 elii
801 1793 1032 1861 contundenda
1052 1814 1126 1859 esse
1147 1790 1332 1859 existimant
1350 1791 1457 1879 legata

300 1902 452 1971 secundis
473 1899 592 1967 tabulis
606 1897 720 1965 relicte
735 1918 810 1962 cum
821 1895 873 1973 iis,
897 1918 1013 1982 quaec
1034 1893 1204 1981 pupillo
1225 1893 1301 1961 data
1318 1892 1455 1969 fueraut,

187 2032 190 2038 ·
300 2006 379 2071 dum
398 2001 586 2091 principalis
609 1996 780 2067 coheredis
799 1996 906 2081 portio
924 1998 1045 2064 intacto
1062 2006 1247 2074 remaneat,
1279 1994 1334 2061 nel
1371 2007 1455 2060 certe

301 2130 369 2173 non
390 2104 474 2172 ultre
494 2103 529 2169 id
552 2111 722 2177 oneretur,
755 2097 844 2184 quod
875 2095 941 2161 iam
973 2118 1015 2161 ex
1041 2096 1155 2181 primis
1176 2096 1293 2163 tabulis
1315 2095 1456 2162 debeba-

301 2222 362 2277 tur·
376 2208 429 2292 ct]

406 2299 494 2373 Hinc
518 2301 723 2371 statuendum
745 2311 794 2367 est
814 2302 859 2365 ita
878 2300 913 2365 in
934 2299 1044 2385 specie
1065 2301 1249 2389 proposita:
1277 2300 1387 2365 Titius
1408 2322 1456 2365 re-

302 2410 382 2477 tinet
405 2405 496 2484 CO„
533 2404 612 2471 Titii
632 2403 783 2489 legatarii
800 2426 842 2469 ex
861 2401 973 2488 primis
994 2401 1113 2469 tabulis
1133 2403 1254 2469 hahent
1280 2403 1389 2468 solida
1406 2403 1456 2477 L,

301 2508 419 2600 pupilli
439 2506 588 2595 legatarii
609 2503 718 2571 CXII.
739 2516 770 2571 et
792 2504 977 2582 dimidium,
998 2503 1147 2590 legatarii
1167 2504 1320 2570 secundis
1343 2501 1457 2569 tabulis

302 2612 414 2700 scripti
433 2608 618 2677 XXXVII.
640 2616 671 2673 ct
692 2606 872 2672 dimidium.

406 2712 455 2797 3.)
475 2710 620 2778 Tertiam
639 2709 727 2775 uiem
750 2708 806 2794 qui
825 2707 986 2785 inierunt,
1008 2706 1241 2794 ubicunque
1263 2705 1458 2774 secundis

302 2814 471 2881 tabulis
494 2810 663 2899 aliquid
688 2810 879 2896 legatum
910 2810 982 2887 sit,
1022 2808 1168 2875 omnium
1198 2809 1385 2896 legatorum
1413 2809 1459 2873 fs-

303 2916 453 2983 ciendem
473 2936 545 2980 esse
570 2911 843 2979 contributionem
863 2910 1110 2977 contenderunt.
1124 2913 1178 2997 ²⁶)
1197 2912 1286 2976 Hinc
1306 2932 1458 2996 sequere-

302 3030 365 3096 tur,
385 3027 421 3082 ut
442 3016 548 3082 Titius
569 3013 703 3081 heberet
726 3012 823 3089 CX„
842 3011 960 3097 pupilli
980 3010 1129 3099 legatarii
1151 3011 1353 3091 CLXXX„
1385 3010 1459 3077 Titii

306 3142 347 3185 ex
368 3117 481 3207 primis
502 3115 621 3183 tabulis
641 3115 700 3193 Iu,
722 3139 765 3180 ex
784 3112 937 3179 secundis
957 3112 1118 3199 Lx..²²j

407 3220 453 3304 4.)
476 3219 602 3302 Quarta
627 3216 710 3283 ratio
733 3227 783 3283 est
800 3216 1114 3299 Vnmcucovl1,⁸⁸)
1143 3215 1199 3301 qui
1225 3216 1335 3304 legate
1364 3244 1384 3285 a
1400 3240 1457 3305 pu-

308 3372 508 3383 utun-uuna..-

342 3461 388 3527 Η)
407 3462 593 3513 ItcCrursrvs
613 3460 702 3513 1..11.
728 3475 750 3509 c.
770 3458 812 3510 13.
832 3475 859 3524 p.
909 3458 939 3507 Is
957 3455 1031 3508 enim
1053 3472 1193 3524 nunqnam
1219 3461 1283 3511 dicit
1306 3464 1401 3526 augeri
1422 3463 1458 3512 le·

305 3554 363 3608 80..
415 3556 538 3606 Eandem
574 3552 708 3602 rationem
738 3552 861 3602 defendit
908 3556 972 3613 ειη
988 3564 1006 3599 c
1022 3550 1127 3614 pupillo
1146 3550 1255 3617 relicta,
1278 3554 1316 3604 ite
1338 3563 1370 3604 nt
1393 3568 1457 3603 senr-

305 3648 485 3699 unnurnnvs
504 3661 531 3711 p.
549 3642 618 3697 303..
907 3656 958 3706 per
986 3642 1135 3693 uidendum
1167 3644 1216 3707 sit,
1253 3652 1344 3696 utrum
1374 3647 1458 3707 legate
1520 3693 1521 3698 ,

343 3736 388 3801 ⁸⁵)
423 3740 563 3793 Cvucrvs
601 3734 696 3798 Papin.
724 3750 751 3799 p.
780 3731 858 3798 793„
907 3734 1029 3799 utrisque
1048 3735 1146 3786 tabulis
1170 3738 1352 3787 osubstituto
1371 3737 1459 3786 relicte

303 3828 431 3881 Voonnr
446 3828 554 3895 pecc,
572 3828 732 3879 Gnnvnnno
749 3824 858 3891 pist,
908 3829 1045 3878 excedant
1063 3842 1195 3879 summam
1211 3830 1365 3893 legatorum
1380 3845 1396 3878 c
1414 3841 1458 3891 pn·

301 3922 546 3973 Brunsnonrrrvs
565 3935 592 3985 p.
612 3918 684 3973 182..
907 3919 974 3981 pino
992 3919 1157 3971 relictorum.
1185 3921 1269 3984 Quod
1285 3923 1308 3972 si
1324 3922 1380 3981 fiet,
1399 3934 1458 3970 eon-

342 4011 388 4077 tt)
405 3994 612 4066 Prondrrrnvs
630 4027 657 4076 p.
673 4008 724 4072 rt,
741 4011 858 4061 Huscn·
908 4010 1048 4061 tributioni
1065 4013 1157 4064 locum
1185 4027 1263 4078 esse,
1292 4016 1335 4064 sin
1366 4013 1459 4072 minus,

304 4117 371 4157 nvo
390 4119 416 4169 p.
431 4102 506 4168 215„
524 4106 727 4155 Hunnrrnurtvs
746 4117 774 4166 p.
783 4100 855 4153 429..
908 4102 1053 4167 sepmtim
1070 4105 1218 4157 Falcidium
1245 4119 1306 4156 esne
1335 4106 1367 4156 in
1390 4110 1458 4154 ntro·

340 4192 386 4259 ⁸²)
404 4198 449 4249 Ex
467 4200 543 4261 purte
560 4194 639 4245 aliter
651 4194 856 4245 Horrururrvs
908 4208 961 4260 qne
981 4197 1109 4259 portione
1128 4198 1317 4249 inducendam,

302 4306 329 4357 p.
347 4287 423 4352 did„
455 4302 537 4353 quem
562 4292 714 4352 coquuntur
736 4288 856 4339 Annor-
946 4283 992 4348 ⁸⁸)
1016 4286 1105 4349 Quem
1128 4290 1253 4355 nequitur
1277 4291 1457 4343 smmum

302 4397 365 4437 orvs
383 4397 410 4451 p.
429 4378 490 4432 iit.
519 4384 547 4429 et
564 4378 736 4431 Srorrvrnvs
753 4395 781 4445 p.
798 4377 856 4432 37..
905 4391 933 4442 p.
953 4374 1028 4433 ¹50..
