<?xml version="1.0" encoding="UTF-8"?>
<!DOCTYPE html PUBLIC "-//W3C//DTD XHTML 1.0 Transitional//EN"
    "http://www.w3.org/TR/xhtml1/DTD/xhtml1-transitional.dtd">
<html xmlns="http://www.w3.org/1999/xhtml" xml:lang="en" lang="en">
 <head>
  <title>
</title>
<meta http-equiv="Content-Type" content="text/html;charset=utf-8" />
  <meta name='ocr-system' content='tesseract 3.04.00' />
  <meta name='ocr-capabilities' content='ocr_page ocr_carea ocr_par ocr_line ocrx_word'/>
</head>
<body>
  <div class='ocr_page' id='page_1' title='image "./commentationesi00perngoog_0129.png"; bbox 0 0 3067 5117; ppageno 0'>
   <div class='ocr_carea' id='block_1_1' title="bbox 1203 434 1260 507">
    <p class='ocr_par' dir='ltr' id='par_1_1' title="bbox 1203 434 1260 507">
     <span class='ocr_line' id='line_1_1' title="bbox 1203 434 1260 507; baseline 0 0"><span class='ocrx_word' id='word_1_1' title='bbox 1203 434 1260 507; x_wconf 89' lang='grc'>111</span> 
     </span>
    </p>
   </div>
   <div class='ocr_carea' id='block_1_2' title="bbox 1 584 1265 2197">
    <p class='ocr_par' dir='ltr' id='par_1_2' title="bbox 1 584 1265 2197">
     <span class='ocr_line' id='line_1_2' title="bbox 182 584 1262 681; baseline -0.002 -25"><span class='ocrx_word' id='word_1_2' title='bbox 182 584 344 677; x_wconf 80' lang='lat' dir='ltr'>quaedam</span> <span class='ocrx_word' id='word_1_3' title='bbox 363 587 425 657; x_wconf 88' lang='lat' dir='ltr'>sub</span> <span class='ocrx_word' id='word_1_4' title='bbox 444 588 634 658; x_wconf 89' lang='lat' dir='ltr'>conditione</span> <span class='ocrx_word' id='word_1_5' title='bbox 657 588 766 681; x_wconf 82' lang='lat' dir='ltr'>legata</span> <span class='ocrx_word' id='word_1_6' title='bbox 789 600 881 668; x_wconf 88' lang='lat' dir='ltr'>sunt,</span> <span class='ocrx_word' id='word_1_7' title='bbox 914 610 997 677; x_wconf 89' lang='lat' dir='ltr'>quae</span> <span class='ocrx_word' id='word_1_8' title='bbox 1020 612 1061 655; x_wconf 88' lang='lat' dir='ltr'>an</span> <span class='ocrx_word' id='word_1_9' title='bbox 1083 586 1262 657; x_wconf 82' lang='lat' dir='ltr'>debeantur</span> 
     </span>
     <span class='ocr_line' id='line_1_3' title="bbox 178 689 1261 776; baseline 0.001 -21"><span class='ocrx_word' id='word_1_10' title='bbox 178 692 339 759; x_wconf 88' lang='lat' dir='ltr'>incertum</span> <span class='ocrx_word' id='word_1_11' title='bbox 363 704 429 771; x_wconf 89' lang='lat' dir='ltr'>est,</span> <span class='ocrx_word' id='word_1_12' title='bbox 450 705 482 759; x_wconf 87' lang='lat' dir='ltr'>ct</span> <span class='ocrx_word' id='word_1_13' title='bbox 501 692 596 770; x_wconf 85' lang='lat' dir='ltr'>idco,</span> <span class='ocrx_word' id='word_1_14' title='bbox 618 693 646 758; x_wconf 86' lang='lat' dir='ltr'>si</span> <span class='ocrx_word' id='word_1_15' title='bbox 677 693 772 758; x_wconf 90' lang='lat' dir='ltr'>heres</span> <span class='ocrx_word' id='word_1_16' title='bbox 808 690 878 755; x_wconf 89' lang='lat' dir='ltr'>siue</span> <span class='ocrx_word' id='word_1_17' title='bbox 908 689 1100 776; x_wconf 69' lang='lat' dir='ltr'>iudicem)</span> <span class='ocrx_word' id='word_1_18' title='bbox 1133 691 1261 757; x_wconf 86' lang='lat' dir='ltr'>soluere</span> 
     </span>
     <span class='ocr_line' id='line_1_4' title="bbox 179 792 1242 882; baseline -0.002 -21"><span class='ocrx_word' id='word_1_19' title='bbox 179 806 312 882; x_wconf 87' lang='lat' dir='ltr'>paratus</span> <span class='ocrx_word' id='word_1_20' title='bbox 333 795 393 873; x_wconf 87' lang='lat' dir='ltr'>ait,</span> <span class='ocrx_word' id='word_1_21' title='bbox 415 795 593 881; x_wconf 78' lang='lat' dir='ltr'>prospiciet</span> <span class='ocrx_word' id='word_1_22' title='bbox 614 794 677 859; x_wconf 90' lang='lat' dir='ltr'>sibi</span> <span class='ocrx_word' id='word_1_23' title='bbox 699 792 862 880; x_wconf 87' lang='lat' dir='ltr'>perhanc</span> <span class='ocrx_word' id='word_1_24' title='bbox 884 792 1158 878; x_wconf 88' lang='lat' dir='ltr'>stipulationem.“</span> <span class='ocrx_word' id='word_1_25' title='bbox 1172 795 1242 877; x_wconf 93' lang='lat'>¹²¹)</span> 
     </span>
     <span class='ocr_line' id='line_1_5' title="bbox 2 892 1262 981; baseline 0 -25"><span class='ocrx_word' id='word_1_26' title='bbox 2 895 4 956; x_wconf 71' lang='lat' dir='ltr'>t</span> <span class='ocrx_word' id='word_1_27' title='bbox 99 898 142 961; x_wconf 80' lang='lat' dir='ltr'>Et</span> <span class='ocrx_word' id='word_1_28' title='bbox 164 896 195 962; x_wconf 88' lang='lat' dir='ltr'>is</span> <span class='ocrx_word' id='word_1_29' title='bbox 217 895 349 981; x_wconf 90' lang='lat' dir='ltr'>quidem</span> <span class='ocrx_word' id='word_1_30' title='bbox 373 918 479 972; x_wconf 87' lang='lat' dir='ltr'>casus,</span> <span class='ocrx_word' id='word_1_31' title='bbox 501 896 529 959; x_wconf 93' lang='lat' dir='ltr'>si</span> <span class='ocrx_word' id='word_1_32' title='bbox 550 894 610 960; x_wconf 85' lang='lat' dir='ltr'>sub</span> <span class='ocrx_word' id='word_1_33' title='bbox 623 894 811 959; x_wconf 88' lang='lat' dir='ltr'>conditione</span> <span class='ocrx_word' id='word_1_34' title='bbox 830 894 990 978; x_wconf 86' lang='lat' dir='ltr'>quaedam</span> <span class='ocrx_word' id='word_1_35' title='bbox 1007 893 1116 979; x_wconf 88' lang='lat' dir='ltr'>legata</span> <span class='ocrx_word' id='word_1_36' title='bbox 1135 892 1262 967; x_wconf 87' lang='lat' dir='ltr'>luerint,</span> 
     </span>
     <span class='ocr_line' id='line_1_6' title="bbox 100 993 1261 1082; baseline -0.002 -21"><span class='ocrx_word' id='word_1_37' title='bbox 100 1020 170 1062; x_wconf 90' lang='lat' dir='ltr'>non</span> <span class='ocrx_word' id='word_1_38' title='bbox 192 1007 259 1073; x_wconf 89' lang='lat' dir='ltr'>est,</span> <span class='ocrx_word' id='word_1_39' title='bbox 281 1019 378 1081; x_wconf 90' lang='lat' dir='ltr'>quem</span> <span class='ocrx_word' id='word_1_40' title='bbox 397 994 451 1061; x_wconf 85' lang='lat' dir='ltr'>hio</span> <span class='ocrx_word' id='word_1_41' title='bbox 470 1005 720 1082; x_wconf 82' lang='lat' dir='ltr'>pertractemus,</span> <span class='ocrx_word' id='word_1_42' title='bbox 734 998 804 1081; x_wconf 88' lang='lat'>¹²²)</span> <span class='ocrx_word' id='word_1_43' title='bbox 832 1018 946 1061; x_wconf 85' lang='lat' dir='ltr'>uerum</span> <span class='ocrx_word' id='word_1_44' title='bbox 967 993 1043 1063; x_wconf 86' lang='lat' dir='ltr'>hinc</span> <span class='ocrx_word' id='word_1_45' title='bbox 1066 994 1261 1081; x_wconf 70' lang='lat' dir='ltr'>colligimur,</span> 
     </span>
     <span class='ocr_line' id='line_1_7' title="bbox 100 1096 1262 1184; baseline 0.001 -22"><span class='ocrx_word' id='word_1_46' title='bbox 100 1096 290 1182; x_wconf 88' lang='lat' dir='ltr'>ubieunque</span> <span class='ocrx_word' id='word_1_47' title='bbox 310 1096 440 1162; x_wconf 86' lang='lat' dir='ltr'>tabulae</span> <span class='ocrx_word' id='word_1_48' title='bbox 462 1096 640 1184; x_wconf 83' lang='lat' dir='ltr'>pupillares</span> <span class='ocrx_word' id='word_1_49' title='bbox 659 1107 805 1174; x_wconf 85' lang='lat' dir='ltr'>exstent,</span> <span class='ocrx_word' id='word_1_50' title='bbox 836 1096 1021 1162; x_wconf 83' lang='lat' dir='ltr'>necessario</span> <span class='ocrx_word' id='word_1_51' title='bbox 1044 1118 1117 1161; x_wconf 92' lang='lat' dir='ltr'>cum</span> <span class='ocrx_word' id='word_1_52' title='bbox 1137 1096 1262 1183; x_wconf 84' lang='lat' dir='ltr'>legata-</span> 
     </span>
     <span class='ocr_line' id='line_1_8' title="bbox 100 1196 1263 1283; baseline 0.002 -22"><span class='ocrx_word' id='word_1_53' title='bbox 100 1197 158 1261; x_wconf 84' lang='lat' dir='ltr'>riis</span> <span class='ocrx_word' id='word_1_54' title='bbox 175 1198 246 1282; x_wconf 61' lang='grc' dir='ltr'>η1)</span> <span class='ocrx_word' id='word_1_55' title='bbox 281 1196 415 1283; x_wconf 89' lang='lat' dir='ltr'>pupilli,</span> <span class='ocrx_word' id='word_1_56' title='bbox 448 1198 477 1263; x_wconf 91' lang='lat' dir='ltr'>si</span> <span class='ocrx_word' id='word_1_57' title='bbox 507 1208 631 1275; x_wconf 88' lang='lat' dir='ltr'>toturn,</span> <span class='ocrx_word' id='word_1_58' title='bbox 663 1198 844 1283; x_wconf 72' lang='lat' dir='ltr'>quod-erat</span> <span class='ocrx_word' id='word_1_59' title='bbox 866 1196 1014 1263; x_wconf 85' lang='lat' dir='ltr'>relictum</span> <span class='ocrx_word' id='word_1_60' title='bbox 1036 1196 1184 1283; x_wconf 84' lang='lat' dir='ltr'>accipere</span> <span class='ocrx_word' id='word_1_61' title='bbox 1204 1220 1263 1263; x_wconf 86' lang='lat' dir='ltr'>ue-</span> 
     </span>
     <span class='ocr_line' id='line_1_9' title="bbox 101 1296 1263 1385; baseline 0.003 -24"><span class='ocrx_word' id='word_1_62' title='bbox 101 1297 178 1376; x_wconf 90' lang='lat' dir='ltr'>lint,</span> <span class='ocrx_word' id='word_1_63' title='bbox 200 1296 443 1383; x_wconf 80' lang='lat' dir='ltr'>stipulationem</span> <span class='ocrx_word' id='word_1_64' title='bbox 465 1320 538 1363; x_wconf 86' lang='lat' dir='ltr'>esse</span> <span class='ocrx_word' id='word_1_65' title='bbox 560 1298 754 1376; x_wconf 86' lang='lat' dir='ltr'>ineundam,</span> <span class='ocrx_word' id='word_1_66' title='bbox 769 1301 840 1384; x_wconf 80' lang='lat'>¹²¹)</span> <span class='ocrx_word' id='word_1_67' title='bbox 872 1308 907 1362; x_wconf 92' lang='lat' dir='ltr'>ut</span> <span class='ocrx_word' id='word_1_68' title='bbox 937 1298 1026 1385; x_wconf 89' lang='lat' dir='ltr'>quod</span> <span class='ocrx_word' id='word_1_69' title='bbox 1047 1298 1186 1385; x_wconf 89' lang='lat' dir='ltr'>amplius</span> <span class='ocrx_word' id='word_1_70' title='bbox 1208 1322 1263 1365; x_wconf 89' lang='lat' dir='ltr'>uc-</span> 
     </span>
     <span class='ocr_line' id='line_1_10' title="bbox 103 1399 1265 1486; baseline 0 -21"><span class='ocrx_word' id='word_1_71' title='bbox 103 1399 270 1485; x_wconf 87' lang='lat' dir='ltr'>oeperint‚</span> <span class='ocrx_word' id='word_1_72' title='bbox 298 1422 396 1484; x_wconf 89' lang='lat' dir='ltr'>quam</span> <span class='ocrx_word' id='word_1_73' title='bbox 416 1422 477 1486; x_wconf 90' lang='lat' dir='ltr'>per</span> <span class='ocrx_word' id='word_1_74' title='bbox 498 1400 607 1486; x_wconf 82' lang='lat' dir='ltr'>legem</span> <span class='ocrx_word' id='word_1_75' title='bbox 629 1400 811 1465; x_wconf 86' lang='lat' dir='ltr'>Falcidium</span> <span class='ocrx_word' id='word_1_76' title='bbox 832 1399 974 1476; x_wconf 89' lang='lat' dir='ltr'>licuerit,</span> <span class='ocrx_word' id='word_1_77' title='bbox 1004 1399 1126 1486; x_wconf 83' lang='lat' dir='ltr'>legatis</span> <span class='ocrx_word' id='word_1_78' title='bbox 1142 1400 1265 1467; x_wconf 86' lang='lat' dir='ltr'>scilicet</span> 
     </span>
     <span class='ocr_line' id='line_1_11' title="bbox 2 1491 1263 1589; baseline 0.001 -24"><span class='ocrx_word' id='word_1_79' title='bbox 2 1491 4 1502; x_wconf 63' lang='grc'><em>’</em></span> <span class='ocrx_word' id='word_1_80' title='bbox 104 1500 321 1567; x_wconf 86' lang='lat' dir='ltr'>aaubstituto</span> <span class='ocrx_word' id='word_1_81' title='bbox 343 1501 464 1567; x_wconf 85' lang='lat' dir='ltr'>relictis</span> <span class='ocrx_word' id='word_1_82' title='bbox 485 1502 519 1567; x_wconf 92' lang='lat' dir='ltr'>in</span> <span class='ocrx_word' id='word_1_83' title='bbox 540 1503 814 1568; x_wconf 89' lang='lat' dir='ltr'>contributionem</span> <span class='ocrx_word' id='word_1_84' title='bbox 834 1500 980 1578; x_wconf 85' lang='lat' dir='ltr'>uocatis,</span> <span class='ocrx_word' id='word_1_85' title='bbox 1014 1502 1152 1568; x_wconf 83' lang='lat' dir='ltr'>reddero</span> <span class='ocrx_word' id='word_1_86' title='bbox 1184 1524 1263 1589; x_wconf 91' lang='lat' dir='ltr'>pos-</span> 
     </span>
     <span class='ocr_line' id='line_1_12' title="bbox 105 1601 1265 1691; baseline 0.005 -25.511"><span class='ocrx_word' id='word_1_87' title='bbox 105 1602 168 1666; x_wconf 82' lang='lat' dir='ltr'>sint</span> <span class='ocrx_word' id='word_1_88' title='bbox 188 1601 352 1687; x_wconf 84' lang='lat' dir='ltr'>compelli.</span> <span class='ocrx_word' id='word_1_89' title='bbox 378 1602 491 1669; x_wconf 67' lang='lat' dir='ltr'>⁴Haec</span> <span class='ocrx_word' id='word_1_90' title='bbox 512 1615 620 1669; x_wconf 87' lang='lat' dir='ltr'>autem</span> <span class='ocrx_word' id='word_1_91' title='bbox 640 1603 806 1689; x_wconf 85' lang='lat' dir='ltr'>stipulatio</span> <span class='ocrx_word' id='word_1_92' title='bbox 828 1602 903 1667; x_wconf 90' lang='lat' dir='ltr'>ideo</span> <span class='ocrx_word' id='word_1_93' title='bbox 924 1601 1033 1667; x_wconf 89' lang='lat' dir='ltr'>locum</span> <span class='ocrx_word' id='word_1_94' title='bbox 1052 1602 1166 1682; x_wconf 87' lang='lat' dir='ltr'>habet,</span> <span class='ocrx_word' id='word_1_95' title='bbox 1189 1606 1265 1691; x_wconf 90' lang='lat' dir='ltr'>quia</span> 
     </span>
     <span class='ocr_line' id='line_1_13' title="bbox 1 1701 1264 1791; baseline 0.003 -24"><span class='ocrx_word' id='word_1_96' title='bbox 1 1729 4 1788; x_wconf 63' lang='lat'><em>3</em></span> <span class='ocrx_word' id='word_1_97' title='bbox 105 1701 164 1767; x_wconf 85' lang='lat' dir='ltr'>etsi</span> <span class='ocrx_word' id='word_1_98' title='bbox 185 1703 289 1789; x_wconf 86' lang='lat' dir='ltr'>repeti</span> <span class='ocrx_word' id='word_1_99' title='bbox 307 1712 416 1788; x_wconf 92' lang='lat' dir='ltr'>potest</span> <span class='ocrx_word' id='word_1_100' title='bbox 448 1704 505 1780; x_wconf 91' lang='lat' dir='ltr'>id,</span> <span class='ocrx_word' id='word_1_101' title='bbox 537 1704 626 1790; x_wconf 90' lang='lat' dir='ltr'>quod</span> <span class='ocrx_word' id='word_1_102' title='bbox 660 1704 802 1769; x_wconf 86' lang='lat' dir='ltr'>solutum</span> <span class='ocrx_word' id='word_1_103' title='bbox 825 1715 891 1780; x_wconf 89' lang='lat' dir='ltr'>est,</span> <span class='ocrx_word' id='word_1_104' title='bbox 925 1713 1033 1769; x_wconf 88' lang='lat' dir='ltr'>tamen</span> <span class='ocrx_word' id='word_1_105' title='bbox 1054 1704 1126 1769; x_wconf 89' lang='lat' dir='ltr'>fieri</span> <span class='ocrx_word' id='word_1_106' title='bbox 1145 1718 1264 1791; x_wconf 86' lang='lat' dir='ltr'>potest,</span> 
     </span>
     <span class='ocr_line' id='line_1_14' title="bbox 1 1792 1263 1892; baseline 0.004 -25"><span class='ocrx_word' id='word_1_107' title='bbox 1 1792 3 1866; x_wconf 67' lang='grc'><strong>1</strong></span> <span class='ocrx_word' id='word_1_108' title='bbox 104 1816 138 1868; x_wconf 91' lang='lat' dir='ltr'>ut</span> <span class='ocrx_word' id='word_1_109' title='bbox 158 1827 228 1869; x_wconf 92' lang='lat' dir='ltr'>non</span> <span class='ocrx_word' id='word_1_110' title='bbox 247 1804 288 1869; x_wconf 87' lang='lat' dir='ltr'>sit</span> <span class='ocrx_word' id='word_1_111' title='bbox 304 1804 465 1869; x_wconf 89' lang='lat' dir='ltr'>soluendo</span> <span class='ocrx_word' id='word_1_112' title='bbox 487 1805 533 1884; x_wconf 92' lang='lat' dir='ltr'>is,</span> <span class='ocrx_word' id='word_1_113' title='bbox 566 1807 619 1871; x_wconf 90' lang='lat' dir='ltr'>cui</span> <span class='ocrx_word' id='word_1_114' title='bbox 651 1804 793 1871; x_wconf 88' lang='lat' dir='ltr'>solutum</span> <span class='ocrx_word' id='word_1_115' title='bbox 818 1794 884 1882; x_wconf 77' lang='lat' dir='ltr'>est‘,</span> <span class='ocrx_word' id='word_1_116' title='bbox 918 1826 955 1869; x_wconf 87' lang='lat' dir='ltr'>ac</span> <span class='ocrx_word' id='word_1_117' title='bbox 976 1826 1036 1889; x_wconf 88' lang='lat' dir='ltr'>per</span> <span class='ocrx_word' id='word_1_118' title='bbox 1056 1804 1120 1871; x_wconf 90' lang='lat' dir='ltr'>hoc</span> <span class='ocrx_word' id='word_1_119' title='bbox 1141 1820 1263 1892; x_wconf 85' lang='lat' dir='ltr'>pereat,</span> 
     </span>
     <span class='ocr_line' id='line_1_15' title="bbox 2 1904 1264 1995; baseline 0.003 -24"><span class='ocrx_word' id='word_1_120' title='bbox 2 1905 3 1910; x_wconf 63' lang='grc'>’</span> <span class='ocrx_word' id='word_1_121' title='bbox 105 1907 193 1992; x_wconf 90' lang='lat' dir='ltr'>quod</span> <span class='ocrx_word' id='word_1_122' title='bbox 213 1907 324 1972; x_wconf 89' lang='lat' dir='ltr'>datum</span> <span class='ocrx_word' id='word_1_123' title='bbox 344 1919 404 1974; x_wconf 85' lang='lat' dir='ltr'>est.</span> <span class='ocrx_word' id='word_1_124' title='bbox 430 1909 472 1973; x_wconf 87' lang='lat' dir='ltr'>L.</span> <span class='ocrx_word' id='word_1_125' title='bbox 498 1910 526 1975; x_wconf 90' lang='lat'>1.</span> <span class='ocrx_word' id='word_1_126' title='bbox 548 1907 631 1991; x_wconf 77' lang='lat' dir='ltr'>§.a</span> <span class='ocrx_word' id='word_1_127' title='bbox 657 1908 685 1971; x_wconf 88' lang='lat' dir='ltr'>si</span> <span class='ocrx_word' id='word_1_128' title='bbox 706 1906 758 1971; x_wconf 90' lang='lat' dir='ltr'>cui</span> <span class='ocrx_word' id='word_1_129' title='bbox 776 1906 861 1992; x_wconf 86' lang='lat' dir='ltr'>plus.</span> <span class='ocrx_word' id='word_1_130' title='bbox 902 1904 963 1973; x_wconf 83' lang='lat' dir='ltr'>Sin</span> <span class='ocrx_word' id='word_1_131' title='bbox 985 1927 1064 1971; x_wconf 86' lang='lat' dir='ltr'>uero</span> <span class='ocrx_word' id='word_1_132' title='bbox 1086 1930 1157 1985; x_wconf 87' lang='lat' dir='ltr'>res,</span> <span class='ocrx_word' id='word_1_133' title='bbox 1180 1932 1264 1995; x_wconf 85' lang='lat' dir='ltr'>quae</span> 
     </span>
     <span class='ocr_line' id='line_1_16' title="bbox 104 2007 1262 2096; baseline 0.003 -24"><span class='ocrx_word' id='word_1_134' title='bbox 104 2008 213 2095; x_wconf 87' lang='lat' dir='ltr'>legata</span> <span class='ocrx_word' id='word_1_135' title='bbox 232 2020 303 2087; x_wconf 87' lang='lat' dir='ltr'>cst,</span> <span class='ocrx_word' id='word_1_136' title='bbox 324 2010 413 2096; x_wconf 88' lang='lat' dir='ltr'>apud</span> <span class='ocrx_word' id='word_1_137' title='bbox 432 2008 628 2096; x_wconf 85' lang='lat' dir='ltr'>legatarium</span> <span class='ocrx_word' id='word_1_138' title='bbox 648 2008 823 2085; x_wconf 89' lang='lat' dir='ltr'>interierit,</span> <span class='ocrx_word' id='word_1_139' title='bbox 846 2007 1053 2094; x_wconf 88' lang='lat' dir='ltr'>probandum</span> <span class='ocrx_word' id='word_1_140' title='bbox 1072 2021 1137 2087; x_wconf 91' lang='lat' dir='ltr'>est,</span> <span class='ocrx_word' id='word_1_141' title='bbox 1166 2032 1262 2075; x_wconf 82' lang='lat' dir='ltr'>enec-</span> 
     </span>
     <span class='ocr_line' id='line_1_17' title="bbox 106 2109 1018 2197; baseline -0.001 -23"><span class='ocrx_word' id='word_1_142' title='bbox 106 2110 216 2197; x_wconf 91' lang='lat' dir='ltr'>ptioue</span> <span class='ocrx_word' id='word_1_143' title='bbox 237 2112 382 2177; x_wconf 88' lang='lat' dir='ltr'>succurri</span> <span class='ocrx_word' id='word_1_144' title='bbox 403 2112 445 2189; x_wconf 88' lang='lat' dir='ltr'>ei,</span> <span class='ocrx_word' id='word_1_145' title='bbox 467 2111 523 2195; x_wconf 93' lang='lat' dir='ltr'>qui</span> <span class='ocrx_word' id='word_1_146' title='bbox 543 2109 704 2196; x_wconf 87' lang='lat' dir='ltr'>promisit,</span> <span class='ocrx_word' id='word_1_147' title='bbox 724 2110 765 2173; x_wconf 87' lang='lat' dir='ltr'>L.</span> <span class='ocrx_word' id='word_1_148' title='bbox 791 2113 818 2178; x_wconf 93' lang='grc'>1.</span> <span class='ocrx_word' id='word_1_149' title='bbox 839 2111 870 2193; x_wconf 76' lang='lat'>§-</span> <span class='ocrx_word' id='word_1_150' title='bbox 894 2110 940 2178; x_wconf 84' lang='lat'>15.</span> <span class='ocrx_word' id='word_1_151' title='bbox 963 2110 1018 2175; x_wconf 94' lang='lat' dir='ltr'>ib..</span> 
     </span>
    </p>
   </div>
   <div class='ocr_carea' id='block_1_3' title="bbox 0 229 5 804">
    <p class='ocr_par' dir='ltr' id='par_1_3' title="bbox 0 229 5 804">
     <span class='ocr_line' id='line_1_18' title="bbox 0 229 5 804; baseline 0 0"><span class='ocrx_word' id='word_1_152' title='bbox 0 229 5 804; x_wconf 95' lang='lat' dir='ltr'> </span> 
     </span>
    </p>
   </div>
   <div class='ocr_carea' id='block_1_4' title="bbox 74 2228 1266 2521">
    <p class='ocr_par' dir='ltr' id='par_1_4' title="bbox 74 2228 1266 2521">
     <span class='ocr_line' id='line_1_19' title="bbox 208 2228 1261 2316; baseline 0.003 -22"><span class='ocrx_word' id='word_1_153' title='bbox 208 2228 372 2295; x_wconf 84' lang='lat' dir='ltr'>Connexa</span> <span class='ocrx_word' id='word_1_154' title='bbox 392 2241 441 2296; x_wconf 88' lang='lat' dir='ltr'>est</span> <span class='ocrx_word' id='word_1_155' title='bbox 461 2252 535 2296; x_wconf 89' lang='lat' dir='ltr'>cum</span> <span class='ocrx_word' id='word_1_156' title='bbox 556 2229 767 2316; x_wconf 86' lang='lat' dir='ltr'>stipulatione</span> <span class='ocrx_word' id='word_1_157' title='bbox 791 2240 934 2315; x_wconf 88' lang='lat' dir='ltr'>„quanto</span> <span class='ocrx_word' id='word_1_158' title='bbox 958 2228 1121 2316; x_wconf 65' lang='lat' dir='ltr'>amplius‘</span> <span class='ocrx_word' id='word_1_159' title='bbox 1143 2231 1261 2310; x_wconf 84' lang='lat' dir='ltr'>cautio,</span> 
     </span>
     <span class='ocr_line' id='line_1_20' title="bbox 74 2329 1259 2416; baseline 0.004 -22"><span class='ocrx_word' id='word_1_160' title='bbox 74 2354 79 2360; x_wconf 91' lang='lat'><strong>·</strong></span> <span class='ocrx_word' id='word_1_161' title='bbox 107 2352 187 2414; x_wconf 89' lang='lat' dir='ltr'>quae</span> <span class='ocrx_word' id='word_1_162' title='bbox 205 2330 448 2397; x_wconf 79' lang='lat' dir='ltr'>fideliussorum</span> <span class='ocrx_word' id='word_1_163' title='bbox 469 2329 567 2396; x_wconf 86' lang='lat' dir='ltr'>habet</span> <span class='ocrx_word' id='word_1_164' title='bbox 587 2330 852 2416; x_wconf 86' lang='lat' dir='ltr'>praestationem,</span> <span class='ocrx_word' id='word_1_165' title='bbox 874 2332 915 2395; x_wconf 81' lang='lat'>1..</span> <span class='ocrx_word' id='word_1_166' title='bbox 937 2334 966 2399; x_wconf 88' lang='grc'>3.</span> <span class='ocrx_word' id='word_1_167' title='bbox 989 2331 1021 2415; x_wconf 77' lang='lat'>§-</span> <span class='ocrx_word' id='word_1_168' title='bbox 1038 2334 1064 2397; x_wconf 95' lang='grc'>1.</span> <span class='ocrx_word' id='word_1_169' title='bbox 1085 2330 1141 2396; x_wconf 91' lang='lat' dir='ltr'>ib..</span> <span class='ocrx_word' id='word_1_170' title='bbox 1164 2332 1259 2415; x_wconf 82' lang='lat' dir='ltr'>Quae</span> 
     </span>
     <span class='ocr_line' id='line_1_21' title="bbox 107 2431 1266 2521; baseline 0.004 -26"><span class='ocrx_word' id='word_1_171' title='bbox 107 2431 229 2510; x_wconf 89' lang='lat' dir='ltr'>cautio,</span> <span class='ocrx_word' id='word_1_172' title='bbox 265 2433 294 2498; x_wconf 89' lang='lat' dir='ltr'>si</span> <span class='ocrx_word' id='word_1_173' title='bbox 324 2432 517 2519; x_wconf 90' lang='lat' dir='ltr'>interposita</span> <span class='ocrx_word' id='word_1_174' title='bbox 550 2454 618 2496; x_wconf 93' lang='lat' dir='ltr'>non</span> <span class='ocrx_word' id='word_1_175' title='bbox 651 2431 764 2509; x_wconf 89' lang='lat' dir='ltr'>fuerit,</span> <span class='ocrx_word' id='word_1_176' title='bbox 804 2432 899 2497; x_wconf 83' lang='lat' dir='ltr'>etiam</span> <span class='ocrx_word' id='word_1_177' title='bbox 932 2443 1007 2518; x_wconf 89' lang='lat' dir='ltr'>post</span> <span class='ocrx_word' id='word_1_178' title='bbox 1030 2434 1136 2499; x_wconf 88' lang='lat' dir='ltr'>soluta</span> <span class='ocrx_word' id='word_1_179' title='bbox 1156 2434 1266 2521; x_wconf 84' lang='lat' dir='ltr'>legata</span> 
     </span>
    </p>
   </div>
   <div class='ocr_carea' id='block_1_5' title="bbox 108 2532 1263 2722">
    <p class='ocr_par' dir='ltr' id='par_1_5' title="bbox 108 2532 1263 2722">
     <span class='ocr_line' id='line_1_22' title="bbox 108 2532 1263 2622; baseline 0.007 -27"><span class='ocrx_word' id='word_1_180' title='bbox 108 2532 345 2600; x_wconf 88' lang='lat' dir='ltr'>condictionem</span> <span class='ocrx_word' id='word_1_181' title='bbox 382 2532 640 2622; x_wconf 88' lang='lat' dir='ltr'>interponendae</span> <span class='ocrx_word' id='word_1_182' title='bbox 677 2532 899 2599; x_wconf 84' lang='lat' dir='ltr'>satisdationis</span> <span class='ocrx_word' id='word_1_183' title='bbox 939 2534 1044 2619; x_wconf 87' lang='lat' dir='ltr'>gratia</span> <span class='ocrx_word' id='word_1_184' title='bbox 1079 2548 1263 2622; x_wconf 84' lang='lat' dir='ltr'>competere</span> 
     </span>
     <span class='ocr_line' id='line_1_23' title="bbox 110 2632 612 2722; baseline 0.004 -26"><span class='ocrx_word' id='word_1_185' title='bbox 110 2632 272 2699; x_wconf 90' lang='lat' dir='ltr'>docemur.</span> <span class='ocrx_word' id='word_1_186' title='bbox 312 2636 355 2701; x_wconf 84' lang='lat' dir='ltr'>L·</span> <span class='ocrx_word' id='word_1_187' title='bbox 378 2638 408 2704; x_wconf 85' lang='lat'>3.</span> <span class='ocrx_word' id='word_1_188' title='bbox 430 2637 460 2722; x_wconf 88' lang='grc'>1</span> <span class='ocrx_word' id='word_1_189' title='bbox 486 2636 534 2702; x_wconf 86' lang='grc'>10.</span> <span class='ocrx_word' id='word_1_190' title='bbox 556 2634 612 2699; x_wconf 90' lang='lat' dir='ltr'>ib..</span> 
     </span>
    </p>
   </div>
   <div class='ocr_carea' id='block_1_6' title="bbox 109 2748 1266 3448">
    <p class='ocr_par' dir='ltr' id='par_1_6' title="bbox 109 2748 1266 3448">
     <span class='ocr_line' id='line_1_24' title="bbox 210 2748 1264 2847; baseline 0.006 -27"><span class='ocrx_word' id='word_1_191' title='bbox 210 2753 279 2820; x_wconf 89' lang='lat' dir='ltr'>Sed</span> <span class='ocrx_word' id='word_1_192' title='bbox 300 2765 336 2819; x_wconf 89' lang='lat' dir='ltr'>ut</span> <span class='ocrx_word' id='word_1_193' title='bbox 354 2748 526 2823; x_wconf 84' lang='lat' dir='ltr'>redeamus</span> <span class='ocrx_word' id='word_1_194' title='bbox 549 2753 590 2823; x_wconf 87' lang='lat' dir='ltr'>ad</span> <span class='ocrx_word' id='word_1_195' title='bbox 611 2750 756 2842; x_wconf 87' lang='lat' dir='ltr'>duplicia</span> <span class='ocrx_word' id='word_1_196' title='bbox 780 2762 991 2832; x_wconf 86' lang='lat' dir='ltr'>testamenta,</span> <span class='ocrx_word' id='word_1_197' title='bbox 1010 2754 1038 2823; x_wconf 88' lang='lat' dir='ltr'>si</span> <span class='ocrx_word' id='word_1_198' title='bbox 1059 2766 1180 2825; x_wconf 88' lang='lat' dir='ltr'>tutores</span> <span class='ocrx_word' id='word_1_199' title='bbox 1202 2782 1264 2847; x_wconf 87' lang='lat' dir='ltr'>pu·</span> 
     </span>
     <span class='ocr_line' id='line_1_25' title="bbox 109 2850 1264 2945; baseline 0.01 -30"><span class='ocrx_word' id='word_1_200' title='bbox 109 2850 177 2939; x_wconf 90' lang='lat' dir='ltr'>pilli</span> <span class='ocrx_word' id='word_1_201' title='bbox 214 2854 399 2922; x_wconf 89' lang='lat' dir='ltr'>cautionem</span> <span class='ocrx_word' id='word_1_202' title='bbox 435 2857 567 2944; x_wconf 85' lang='lat' dir='ltr'>exigere</span> <span class='ocrx_word' id='word_1_203' title='bbox 599 2854 691 2921; x_wconf 90' lang='lat' dir='ltr'>obliti</span> <span class='ocrx_word' id='word_1_204' title='bbox 721 2855 796 2933; x_wconf 90' lang='lat' dir='ltr'>sint,</span> <span class='ocrx_word' id='word_1_205' title='bbox 818 2855 875 2937; x_wconf 81' lang='lat' dir='ltr'>(L.</span> <span class='ocrx_word' id='word_1_206' title='bbox 895 2855 945 2923; x_wconf 86' lang='lat'>80.</span> <span class='ocrx_word' id='word_1_207' title='bbox 979 2878 1029 2945; x_wconf 91' lang='lat' dir='ltr'>pr.</span> <span class='ocrx_word' id='word_1_208' title='bbox 1054 2859 1114 2927; x_wconf 90' lang='lat' dir='ltr'>sub</span> <span class='ocrx_word' id='word_1_209' title='bbox 1136 2860 1200 2928; x_wconf 85' lang='lat' dir='ltr'>fine</span> <span class='ocrx_word' id='word_1_210' title='bbox 1223 2862 1264 2929; x_wconf 88' lang='lat' dir='ltr'>ud</span> 
     </span>
     <span class='ocr_line' id='line_1_26' title="bbox 110 2954 1263 3049; baseline 0.01 -33"><span class='ocrx_word' id='word_1_211' title='bbox 110 2954 171 3042; x_wconf 83' lang='lat' dir='ltr'>leg.</span> <span class='ocrx_word' id='word_1_212' title='bbox 193 2956 315 3041; x_wconf 75' lang='lat' dir='ltr'>Palo),</span> <span class='ocrx_word' id='word_1_213' title='bbox 336 2958 360 3022; x_wconf 92' lang='lat' dir='ltr'>ii</span> <span class='ocrx_word' id='word_1_214' title='bbox 383 2958 498 3045; x_wconf 81' lang='lat' dir='ltr'>stipsi</span> <span class='ocrx_word' id='word_1_215' title='bbox 519 2956 645 3046; x_wconf 88' lang='lat' dir='ltr'>pupillo</span> <span class='ocrx_word' id='word_1_216' title='bbox 668 2967 699 3021; x_wconf 92' lang='lat' dir='ltr'>et</span> <span class='ocrx_word' id='word_1_217' title='bbox 722 2956 836 3022; x_wconf 89' lang='lat' dir='ltr'>herodi</span> <span class='ocrx_word' id='word_1_218' title='bbox 858 2958 939 3034; x_wconf 84' lang='lat' dir='ltr'>eius,</span> <span class='ocrx_word' id='word_1_219' title='bbox 963 2958 1018 3036; x_wconf 77' lang='lat' dir='ltr'>(L.</span> <span class='ocrx_word' id='word_1_220' title='bbox 1039 2958 1089 3024; x_wconf 76' lang='lat'>84.</span> <span class='ocrx_word' id='word_1_221' title='bbox 1124 2960 1166 3025; x_wconf 89' lang='lat' dir='ltr'>ad</span> <span class='ocrx_word' id='word_1_222' title='bbox 1198 2962 1263 3049; x_wconf 85' lang='lat' dir='ltr'>leg.</span> 
     </span>
     <span class='ocr_line' id='line_1_27' title="bbox 111 3054 1265 3145; baseline 0.007 -25"><span class='ocrx_word' id='word_1_223' title='bbox 111 3054 207 3136; x_wconf 74' lang='lat' dir='ltr'>Falc,</span> <span class='ocrx_word' id='word_1_224' title='bbox 230 3058 270 3123; x_wconf 86' lang='lat' dir='ltr'>cl.</span> <span class='ocrx_word' id='word_1_225' title='bbox 283 3082 384 3145; x_wconf 86' lang='lat' dir='ltr'>supra</span> <span class='ocrx_word' id='word_1_226' title='bbox 405 3082 438 3123; x_wconf 90' lang='lat' dir='ltr'>n.</span> <span class='ocrx_word' id='word_1_227' title='bbox 450 3059 524 3143; x_wconf 69' lang='lat'>10),</span> <span class='ocrx_word' id='word_1_228' title='bbox 548 3056 666 3122; x_wconf 87' lang='lat' dir='ltr'>tutelae</span> <span class='ocrx_word' id='word_1_229' title='bbox 688 3058 815 3123; x_wconf 86' lang='lat' dir='ltr'>actione</span> <span class='ocrx_word' id='word_1_230' title='bbox 837 3058 1047 3135; x_wconf 86' lang='lat' dir='ltr'>tenebuntur,</span> <span class='ocrx_word' id='word_1_231' title='bbox 1068 3060 1212 3145; x_wconf 91' lang='lat' dir='ltr'>pupillo,</span> <span class='ocrx_word' id='word_1_232' title='bbox 1237 3064 1265 3128; x_wconf 87' lang='lat' dir='ltr'>si</span> 
     </span>
     <span class='ocr_line' id='line_1_28' title="bbox 112 3157 1264 3247; baseline 0.007 -26"><span class='ocrx_word' id='word_1_233' title='bbox 112 3158 184 3224; x_wconf 93' lang='lat' dir='ltr'>uiuo</span> <span class='ocrx_word' id='word_1_234' title='bbox 206 3182 247 3225; x_wconf 89' lang='lat' dir='ltr'>eo</span> <span class='ocrx_word' id='word_1_235' title='bbox 267 3159 417 3225; x_wconf 86' lang='lat' dir='ltr'>Falcidia</span> <span class='ocrx_word' id='word_1_236' title='bbox 434 3159 543 3225; x_wconf 89' lang='lat' dir='ltr'>locum</span> <span class='ocrx_word' id='word_1_237' title='bbox 563 3157 683 3223; x_wconf 86' lang='lat' dir='ltr'>habere</span> <span class='ocrx_word' id='word_1_238' title='bbox 703 3158 862 3245; x_wconf 83' lang='lat' dir='ltr'>inceperit</span> <span class='ocrx_word' id='word_1_239' title='bbox 894 3160 1044 3245; x_wconf 85' lang='lat' dir='ltr'>[propter</span> <span class='ocrx_word' id='word_1_240' title='bbox 1073 3160 1182 3247; x_wconf 86' lang='lat' dir='ltr'>legata</span> <span class='ocrx_word' id='word_1_241' title='bbox 1204 3164 1264 3229; x_wconf 88' lang='lat' dir='ltr'>sub</span> 
     </span>
     <span class='ocr_line' id='line_1_29' title="bbox 110 3256 1263 3349; baseline 0.007 -26"><span class='ocrx_word' id='word_1_242' title='bbox 110 3259 295 3326; x_wconf 88' lang='lat' dir='ltr'>conditione</span> <span class='ocrx_word' id='word_1_243' title='bbox 314 3260 454 3344; x_wconf 86' lang='lat' dir='ltr'>relicta),</span> <span class='ocrx_word' id='word_1_244' title='bbox 474 3256 588 3340; x_wconf 88' lang='lat' dir='ltr'>heredi</span> <span class='ocrx_word' id='word_1_245' title='bbox 620 3259 689 3324; x_wconf 87' lang='lat' dir='ltr'>eius</span> <span class='ocrx_word' id='word_1_246' title='bbox 722 3260 822 3325; x_wconf 88' lang='lat' dir='ltr'>uariis</span> <span class='ocrx_word' id='word_1_247' title='bbox 858 3260 899 3327; x_wconf 90' lang='lat' dir='ltr'>de</span> <span class='ocrx_word' id='word_1_248' title='bbox 933 3260 1067 3338; x_wconf 81' lang='lat' dir='ltr'>caussis,</span> <span class='ocrx_word' id='word_1_249' title='bbox 1089 3263 1263 3349; x_wconf 87' lang='lat' dir='ltr'>praecipue</span> 
     </span>
     <span class='ocr_line' id='line_1_30' title="bbox 110 3359 1266 3448; baseline 0.003 -21"><span class='ocrx_word' id='word_1_250' title='bbox 110 3370 209 3429; x_wconf 82' lang='lat' dir='ltr'>tamen</span> <span class='ocrx_word' id='word_1_251' title='bbox 236 3372 373 3448; x_wconf 88' lang='lat' dir='ltr'>propter</span> <span class='ocrx_word' id='word_1_252' title='bbox 408 3359 592 3446; x_wconf 85' lang='lat' dir='ltr'>legatorum</span> <span class='ocrx_word' id='word_1_253' title='bbox 626 3361 910 3431; x_wconf 85' lang='lat' dir='ltr'>contributionem.</span> <span class='ocrx_word' id='word_1_254' title='bbox 948 3362 989 3429; x_wconf 76' lang='lat' dir='ltr'>Ia</span> <span class='ocrx_word' id='word_1_255' title='bbox 1013 3363 1040 3429; x_wconf 96' lang='grc'>1.</span> <span class='ocrx_word' id='word_1_256' title='bbox 1077 3364 1108 3447; x_wconf 75' lang='lat' dir='ltr'>S·</span> <span class='ocrx_word' id='word_1_257' title='bbox 1133 3366 1161 3433; x_wconf 94' lang='grc'>1.</span> <span class='ocrx_word' id='word_1_258' title='bbox 1183 3368 1213 3435; x_wconf 79' lang='lat'>2.</span> <span class='ocrx_word' id='word_1_259' title='bbox 1237 3366 1266 3433; x_wconf 88' lang='lat' dir='ltr'>si</span> 
     </span>
    </p>
   </div>
   <div class='ocr_carea' id='block_1_7' title="bbox 119 3602 311 3621">
    <p class='ocr_par' dir='ltr' id='par_1_7' title="bbox 119 3602 311 3621">
     <span class='ocr_line' id='line_1_31' title="bbox 119 3602 311 3621; baseline 0.005 -1"><span class='ocrx_word' id='word_1_260' title='bbox 119 3602 311 3621; x_wconf 59' lang='lat' dir='ltr'><em>m</em></span> 
     </span>
    </p>
   </div>
   <div class='ocr_carea' id='block_1_8' title="bbox 112 3775 1265 4403">
    <p class='ocr_par' dir='ltr' id='par_1_8' title="bbox 112 3775 1265 4403">
     <span class='ocr_line' id='line_1_32' title="bbox 146 3775 1265 3853; baseline 0.008 -22"><span class='ocrx_word' id='word_1_261' title='bbox 146 3777 208 3843; x_wconf 77' lang='lat'>¹²⁰)</span> <span class='ocrx_word' id='word_1_262' title='bbox 229 3777 283 3833; x_wconf 83' lang='lat' dir='ltr'>Vel</span> <span class='ocrx_word' id='word_1_263' title='bbox 300 3776 391 3844; x_wconf 84' lang='lat' dir='ltr'>potuis</span> <span class='ocrx_word' id='word_1_264' title='bbox 412 3776 521 3830; x_wconf 87' lang='lat' dir='ltr'>arbitro.</span> <span class='ocrx_word' id='word_1_265' title='bbox 541 3778 626 3831; x_wconf 65' lang='grc'><strong>(31.1..</strong></span> <span class='ocrx_word' id='word_1_266' title='bbox 639 3779 659 3831; x_wconf 91' lang='lat' dir='ltr'>l.</span> <span class='ocrx_word' id='word_1_267' title='bbox 749 3775 816 3848; x_wconf 80' lang='lat'>¹²²)</span> <span class='ocrx_word' id='word_1_268' title='bbox 836 3782 958 3835; x_wconf 81' lang='lat' dir='ltr'>Tertium</span> <span class='ocrx_word' id='word_1_269' title='bbox 980 3796 1072 3835; x_wconf 85' lang='lat' dir='ltr'>casum</span> <span class='ocrx_word' id='word_1_270' title='bbox 1091 3782 1124 3836; x_wconf 84' lang='lat' dir='ltr'>cf.</span> <span class='ocrx_word' id='word_1_271' title='bbox 1149 3784 1179 3837; x_wconf 83' lang='lat' dir='ltr'>L.</span> <span class='ocrx_word' id='word_1_272' title='bbox 1201 3782 1223 3839; x_wconf 91' lang='lat' dir='ltr'>l.</span> <span class='ocrx_word' id='word_1_273' title='bbox 1243 3788 1265 3853; x_wconf 78' lang='grc'>1.</span> 
     </span>
     <span class='ocr_line' id='line_1_33' title="bbox 112 3864 930 3940; baseline 0.005 -18"><span class='ocrx_word' id='word_1_274' title='bbox 112 3864 173 3933; x_wconf 72' lang='grc'>11.</span> <span class='ocrx_word' id='word_1_275' title='bbox 192 3873 215 3923; x_wconf 83' lang='lat' dir='ltr'>ai</span> <span class='ocrx_word' id='word_1_276' title='bbox 234 3873 276 3921; x_wconf 87' lang='lat' dir='ltr'>cui</span> <span class='ocrx_word' id='word_1_277' title='bbox 293 3874 355 3936; x_wconf 87' lang='lat' dir='ltr'>plus</span> <span class='ocrx_word' id='word_1_278' title='bbox 375 3875 495 3939; x_wconf 83' lang='lat' dir='ltr'>(XXXV,</span> <span class='ocrx_word' id='word_1_279' title='bbox 505 3868 549 3940; x_wconf 85' lang='grc'><strong>3.),</strong></span> <span class='ocrx_word' id='word_1_280' title='bbox 566 3874 597 3923; x_wconf 80' lang='lat'>1..</span> <span class='ocrx_word' id='word_1_281' title='bbox 620 3873 660 3928; x_wconf 77' lang='lat'>12.</span> <span class='ocrx_word' id='word_1_282' title='bbox 712 3872 737 3923; x_wconf 88' lang='lat'>8.</span> <span class='ocrx_word' id='word_1_283' title='bbox 757 3872 779 3922; x_wconf 78' lang='lat' dir='ltr'>ri</span> <span class='ocrx_word' id='word_1_284' title='bbox 800 3874 841 3923; x_wconf 87' lang='lat' dir='ltr'>cui</span> <span class='ocrx_word' id='word_1_285' title='bbox 859 3877 930 3939; x_wconf 88' lang='lat' dir='ltr'>plus.</span> 
     </span>
     <span class='ocr_line' id='line_1_34' title="bbox 115 3963 1265 4031; baseline 0.01 -19"><span class='ocrx_word' id='word_1_286' title='bbox 115 3963 144 4010; x_wconf 72' lang='lat' dir='ltr'>nd</span> <span class='ocrx_word' id='word_1_287' title='bbox 158 3963 210 4026; x_wconf 81' lang='lat' dir='ltr'>leg.</span> <span class='ocrx_word' id='word_1_288' title='bbox 231 3963 314 4014; x_wconf 82' lang='lat' dir='ltr'>Falc..</span> <span class='ocrx_word' id='word_1_289' title='bbox 751 3963 815 4029; x_wconf 81' lang='lat'>¹²³)</span> <span class='ocrx_word' id='word_1_290' title='bbox 833 3966 1017 4031; x_wconf 80' lang='lat' dir='ltr'>Exceptioncs</span> <span class='ocrx_word' id='word_1_291' title='bbox 1037 3969 1099 4021; x_wconf 89' lang='lat' dir='ltr'>hinc</span> <span class='ocrx_word' id='word_1_292' title='bbox 1111 3972 1196 4022; x_wconf 81' lang='lat' dir='ltr'>factae</span> <span class='ocrx_word' id='word_1_293' title='bbox 1210 3987 1265 4023; x_wconf 85' lang='lat' dir='ltr'>me-</span> 
     </span>
     <span class='ocr_line' id='line_1_35' title="bbox 145 4048 1265 4128; baseline 0.009 -24"><span class='ocrx_word' id='word_1_294' title='bbox 145 4048 208 4119; x_wconf 82' lang='lat'>¹²¹)</span> <span class='ocrx_word' id='word_1_295' title='bbox 226 4056 303 4105; x_wconf 83' lang='lat' dir='ltr'>Haec</span> <span class='ocrx_word' id='word_1_296' title='bbox 320 4058 415 4107; x_wconf 85' lang='lat' dir='ltr'>cadem</span> <span class='ocrx_word' id='word_1_297' title='bbox 433 4059 621 4122; x_wconf 87' lang='lat' dir='ltr'>exprimuntur</span> <span class='ocrx_word' id='word_1_298' title='bbox 629 4061 660 4111; x_wconf 72' lang='grc' dir='ltr'>Ι..</span> <span class='ocrx_word' id='word_1_299' title='bbox 712 4064 853 4108; x_wconf 84' lang='lat' dir='ltr'>morantur</span> <span class='ocrx_word' id='word_1_300' title='bbox 876 4061 907 4109; x_wconf 88' lang='lat' dir='ltr'>L.</span> <span class='ocrx_word' id='word_1_301' title='bbox 926 4058 950 4110; x_wconf 80' lang='grc'>3.</span> <span class='ocrx_word' id='word_1_302' title='bbox 970 4058 994 4125; x_wconf 79' lang='grc'>1.</span> <span class='ocrx_word' id='word_1_303' title='bbox 1012 4060 1037 4110; x_wconf 79' lang='grc'>1.</span> <span class='ocrx_word' id='word_1_304' title='bbox 1057 4062 1081 4111; x_wconf 86' lang='grc'>5.</span> <span class='ocrx_word' id='word_1_305' title='bbox 1101 4064 1123 4111; x_wconf 84' lang='lat' dir='ltr'>si</span> <span class='ocrx_word' id='word_1_306' title='bbox 1141 4064 1265 4128; x_wconf 82' lang='lat' dir='ltr'>enipius.</span> 
     </span>
     <span class='ocr_line' id='line_1_36' title="bbox 115 4142 1264 4217; baseline 0.008 -21"><span class='ocrx_word' id='word_1_307' title='bbox 115 4142 137 4196; x_wconf 76' lang='grc'>2.</span> <span class='ocrx_word' id='word_1_308' title='bbox 152 4147 180 4197; x_wconf 81' lang='lat'>0.</span> <span class='ocrx_word' id='word_1_309' title='bbox 205 4148 239 4195; x_wconf 86' lang='lat' dir='ltr'>de</span> <span class='ocrx_word' id='word_1_310' title='bbox 257 4162 331 4199; x_wconf 77' lang='lat' dir='ltr'>usur.</span> <span class='ocrx_word' id='word_1_311' title='bbox 350 4155 378 4198; x_wconf 87' lang='lat' dir='ltr'>et</span> <span class='ocrx_word' id='word_1_312' title='bbox 402 4150 480 4199; x_wconf 77' lang='lat' dir='ltr'>fruct.</span> <span class='ocrx_word' id='word_1_313' title='bbox 498 4151 580 4212; x_wconf 80' lang='lat' dir='ltr'>legat.</span> <span class='ocrx_word' id='word_1_314' title='bbox 602 4152 661 4215; x_wconf 83' lang='lat' dir='ltr'>(VI,</span> <span class='ocrx_word' id='word_1_315' title='bbox 753 4148 815 4215; x_wconf 77' lang='lat'>¹²¹)</span> <span class='ocrx_word' id='word_1_316' title='bbox 836 4152 865 4201; x_wconf 86' lang='lat' dir='ltr'>Si</span> <span class='ocrx_word' id='word_1_317' title='bbox 880 4150 1117 4203; x_wconf 85' lang='lat' dir='ltr'>fideicommissum</span> <span class='ocrx_word' id='word_1_318' title='bbox 1134 4156 1264 4217; x_wconf 79' lang='lat' dir='ltr'>alegate·</span> 
     </span>
     <span class='ocr_line' id='line_1_37' title="bbox 116 4232 1264 4311; baseline 0.01 -26"><span class='ocrx_word' id='word_1_319' title='bbox 116 4232 168 4300; x_wconf 76' lang='lat' dir='ltr'>ll),</span> <span class='ocrx_word' id='word_1_320' title='bbox 183 4236 247 4290; x_wconf 72' lang='lat' dir='ltr'>nt.</span> <span class='ocrx_word' id='word_1_321' title='bbox 267 4254 307 4303; x_wconf 90' lang='lat' dir='ltr'>pr.</span> <span class='ocrx_word' id='word_1_322' title='bbox 314 4240 337 4289; x_wconf 88' lang='lat' dir='ltr'>si</span> <span class='ocrx_word' id='word_1_323' title='bbox 354 4239 397 4290; x_wconf 91' lang='lat' dir='ltr'>eui</span> <span class='ocrx_word' id='word_1_324' title='bbox 408 4241 469 4305; x_wconf 86' lang='lat' dir='ltr'>plus</span> <span class='ocrx_word' id='word_1_325' title='bbox 483 4240 607 4307; x_wconf 83' lang='lat' dir='ltr'>(XXXV,</span> <span class='ocrx_word' id='word_1_326' title='bbox 615 4242 663 4311; x_wconf 76' lang='grc'><strong>3.),</strong></span> <span class='ocrx_word' id='word_1_327' title='bbox 712 4244 753 4293; x_wconf 90' lang='lat' dir='ltr'>rio</span> <span class='ocrx_word' id='word_1_328' title='bbox 772 4244 894 4294; x_wconf 90' lang='lat' dir='ltr'>relictum</span> <span class='ocrx_word' id='word_1_329' title='bbox 911 4243 953 4307; x_wconf 84' lang='lat' dir='ltr'>ait,</span> <span class='ocrx_word' id='word_1_330' title='bbox 974 4245 1038 4308; x_wconf 87' lang='lat' dir='ltr'>quid</span> <span class='ocrx_word' id='word_1_331' title='bbox 1055 4247 1163 4296; x_wconf 85' lang='lat' dir='ltr'>eueniat</span> <span class='ocrx_word' id='word_1_332' title='bbox 1181 4246 1214 4297; x_wconf 83' lang='lat' dir='ltr'>cl.</span> <span class='ocrx_word' id='word_1_333' title='bbox 1233 4249 1264 4298; x_wconf 87' lang='lat' dir='ltr'>L.</span> 
     </span>
     <span class='ocr_line' id='line_1_38' title="bbox 115 4324 1145 4403; baseline 0.012 -27"><span class='ocrx_word' id='word_1_334' title='bbox 115 4324 142 4375; x_wconf 73' lang='lat' dir='ltr'>Ia</span> <span class='ocrx_word' id='word_1_335' title='bbox 157 4326 196 4380; x_wconf 75' lang='grc'>31.</span> <span class='ocrx_word' id='word_1_336' title='bbox 215 4331 251 4381; x_wconf 74' lang='lat' dir='ltr'>ad</span> <span class='ocrx_word' id='word_1_337' title='bbox 266 4332 320 4395; x_wconf 77' lang='lat' dir='ltr'>leg.</span> <span class='ocrx_word' id='word_1_338' title='bbox 341 4332 423 4383; x_wconf 76' lang='lat' dir='ltr'>Palo..</span> <span class='ocrx_word' id='word_1_339' title='bbox 716 4333 739 4385; x_wconf 95' lang='grc'>1.</span> <span class='ocrx_word' id='word_1_340' title='bbox 760 4335 784 4398; x_wconf 76' lang='grc'>1.</span> <span class='ocrx_word' id='word_1_341' title='bbox 805 4333 855 4401; x_wconf 81' lang='lat'>13,</span> <span class='ocrx_word' id='word_1_342' title='bbox 876 4337 908 4387; x_wconf 67' lang='grc' dir='ltr'>Ι..</span> <span class='ocrx_word' id='word_1_343' title='bbox 928 4334 952 4387; x_wconf 86' lang='grc'>5.</span> <span class='ocrx_word' id='word_1_344' title='bbox 972 4336 995 4386; x_wconf 87' lang='lat' dir='ltr'>si</span> <span class='ocrx_word' id='word_1_345' title='bbox 1015 4338 1057 4388; x_wconf 87' lang='lat' dir='ltr'>cui</span> <span class='ocrx_word' id='word_1_346' title='bbox 1073 4339 1145 4403; x_wconf 85' lang='lat' dir='ltr'>plus.</span> 
     </span>
    </p>
   </div>
   <div class='ocr_carea' id='block_1_9' title="bbox 0 0 1563 5117">
    <p class='ocr_par' dir='ltr' id='par_1_9' title="bbox 0 0 1563 5117">
     <span class='ocr_line' id='line_1_39' title="bbox 0 0 1563 5117; baseline 0 0"><span class='ocrx_word' id='word_1_347' title='bbox 0 0 1563 5117; x_wconf 95' lang='lat' dir='ltr'> </span> 
     </span>
    </p>
   </div>
  </div>
 </body>
</html>
