3067 5117
283 382 344 452 222

282 534 590 620 praesumptionem.
645 537 741 602 Hanc
787 537 875 602 enim
913 536 1139 624 probabilibus
1173 536 1304 603 'caussis
1345 534 1432 601 nullo

283 633 381 698 modo
413 634 488 712 niti,
520 658 620 721 quum
646 660 818 724 perperam
845 638 986 714 dicatur,
1007 637 1197 703 seruitutem
1222 637 1315 722 quasi
1340 658 1432 702 exce·

281 736 428 820 ptionem
448 759 521 802 esse
542 761 561 802 a
582 738 679 804 solita
697 737 906 825 praediorum
925 740 1116 827 praesertim
1136 738 1294 804 libertate.
1335 737 1432 802 immo

283 837 453 902 seruitutes
481 849 545 904 tam
574 862 672 925 saepe
705 839 897 917 usuuenire,
940 851 975 904 ut
995 840 1096 928 longe
1122 841 1264 927 plurima
1294 836 1436 903 dominia

283 938 491 1004 seruitutibus
513 939 578 1006 sint
599 958 743 1019 onerata,
763 941 798 1005 id
819 939 908 1026 quod
932 941 1024 1026 ipsae
1044 942 1137 1030 leges
1164 952 1320 1026 tanquam
1339 962 1435 1025 regu·

282 1038 347 1103 lam
369 1051 566 1126 proponant,
590 1041 644 1122 (L.
666 1041 716 1108 75.
739 1041 781 1106 de
802 1041 898 1106 euict·
921 1040 1035 1124 (XXI,
1056 1045 1127 1125 2.)).
1168 1044 1293 1126 Itaque,
1317 1040 1345 1104 si
1367 1039 1436 1125 quis

283 1139 478 1227 interroget,
512 1154 618 1209 utrum
650 1141 854 1228 probabilius
884 1143 942 1221 sit,
975 1166 1045 1210 rem
1076 1145 1200 1213 seruire
1234 1166 1276 1207 an
1303 1141 1436 1206 liberam

283 1263 375 1319 esse,
407 1253 556 1308 neutrum
578 1242 618 1307 ab
643 1241 736 1307 initio
764 1243 906 1308 iudicem
926 1266 999 1309 esse
1020 1246 1296 1310 confirmaturum.
1337 1242 1436 1306 Prae·

283 1340 500 1429 sumptionem
520 1341 619 1428 igitur
648 1365 708 1428 pro
732 1342 880 1409 dominio
909 1354 942 1410 et
970 1343 1076 1430 ipsam
1097 1368 1170 1412 esse
1191 1345 1380 1430 negatiuam
1407 1351 1438 1406 ct

282 1442 437 1529 negatiua
442 1464 502 1528 pro
511 1444 976 1530 possessorepraesumptione
989 1467 1195 1531 nequaquam
1211 1443 1436 1532 potiorem.⁸¹l

281 1544 350 1612 Sed
371 1567 472 1610 unum
493 1543 527 1608 in
549 1542 613 1609 hoc
634 1543 805 1610 ratiocinio
833 1545 883 1610 uir
905 1544 1012 1611 bonus
1034 1547 1189 1632 neglexit,
1212 1545 1302 1633 quod
1330 1541 1434 1628 quiuis

282 1646 405 1712 scilicet
424 1645 540 1723 iudex,
572 1644 761 1732 quaestione
782 1646 829 1712 ita
847 1646 1008 1714 instituta:
1049 1658 1186 1726 „utrum
1214 1647 1367 1712 dominus
1393 1643 1437 1708 de

284 1745 493 1812 seruitute
516 1757 652 1825 actor,
690 1769 732 1811 an
753 1769 828 1811 reus
853 1747 1118 1834 praesumptione
1149 1747 1299 1814 adiuuari
1328 1745 1437 1811 uidea-

282 1857 367 1926 tur,“
391 1848 577 1934 apartibus
602 1847 698 1913 stabit
719 1845 844 1913 domini
861 1848 1053 1934 actoris⁵⁸).
1074 1847 1170 1913 Licet
1192 1849 1281 1913 enim
1303 1845 1437 1914 seruitu-

282 1960 330 2014 tes
357 1967 529 2015 occurrant
551 1948 727 2036 plurimae,
765 1971 879 2016 omnes
911 1960 1019 2016 tumen
1047 1947 1201 2013 constitui
1229 1947 1284 2013 uel
1312 1945 1437 2032 adquiri

284 2060 428 2136 oportet,
451 2049 538 2115 unde
558 2073 669 2135 perse
691 2058 796 2135 patet,
818 2048 993 2134 aliquando
1017 2070 1087 2113 rem
1106 2048 1210 2113 luisse
1230 2048 1370 2114 liberam
1388 2045 1437 2111 uel

281 2151 486 2228 liberiorem,
517 2161 549 2215 et
571 2149 765 2234 simulatque
794 2148 1054 2216 actordominus
1075 2148 1222 2216 adhunc
1244 2150 1372 2236 praedii
1391 2147 1439 2213 sui

282 2251 480 2329 libertatem,
512 2251 565 2316 uel
586 2251 694 2337 potius
725 2251 767 2315 ad
796 2259 919 2315 certum
942 2250 1105 2336 quendam
1126 2261 1245 2317 statum
1267 2260 1344 2316 ante
1371 2270 1436 2315 cer-

283 2363 348 2418 tam
366 2352 529 2438 quandam
548 2353 736 2418 seruitutem
756 2351 955 2415 obtinentem
972 2361 1141 2438 prouocet,
1163 2350 1318 2418 fortiores
1340 2349 1439 2416 uideri

283 2455 353 2520 eius
381 2468 489 2541 partes
521 2451 695 2518 dicendum
726 2454 849 2537 est⁵⁹).
891 2451 1098 2537 Quamquam
1125 2453 1214 2518 enim
1243 2452 1344 2519 fidem
1374 2474 1437 2517 non

283 2555 378 2621 facile
399 2556 426 2621 is
447 2555 561 2632 faciet,
592 2553 647 2639 qui
668 2554 801 2619 omnino
824 2553 887 2618 soli
909 2575 978 2618 rem
1002 2575 1092 2619 suam
1116 2554 1239 2620 seruire
1261 2565 1379 2642 negat,
1409 2553 1437 2617 ei

283 2667 392 2720 tamen
421 2655 573 2732 domino,
608 2654 664 2740 qui
696 2664 810 2719 contra
838 2663 960 2720 certum
984 2653 1149 2740 quoddam
1181 2655 1354 2741 praedium
1378 2653 1437 2718 boo

285 2756 440 2834 affirmat,
477 2755 675 2822 credendum
708 2766 774 2831 est,
813 2754 920 2820 donec
954 2757 1151 2822 contrarium
1184 2758 1226 2823 sit
1256 2757 1436 2844 probatum.

283 2854 366 2918 Aliis
389 2852 515 2920 uerbis:
549 2856 845 2942 Praesumptio
876 2855 951 2940 (eo,
979 2879 1077 2942 quem
1098 2857 1130 2941 §-
1152 2859 1203 2926 25.
1233 2857 1436 2924 definiuimus

288 3123 488 3134 —.--—..-.

320 3289 365 3354 ⁵²)
384 3291 482 3342 Mirum
500 3298 557 3356 est,
578 3295 716 3358 quomodo
736 3295 836 3344 lactum
887 3291 1027 3344 sonalibus
1044 3300 1183 3358 ageretur,
1205 3294 1304 3344 laetam
1323 3307 1383 3343 esse
1399 3292 1435 3341 ui·

281 3388 324 3449 sit,
342 3393 373 3436 ut
391 3391 447 3435 tarn
465 3400 547 3451 saepe
566 3385 617 3435 uiri
633 3384 705 3436 docti
721 3400 835 3448 prorsus
887 3389 950 3446 deo,
970 3385 1094 3450 quamuis
1113 3387 1205 3437 omnis
1223 3387 1278 3448 ills,
1298 3400 1367 3450 quae
1384 3385 1435 3436 Pr-

281 3477 507 3544 prseterniderint
535 3477 679 3528 seruitutes
704 3493 836 3542 persona·
887 3491 951 3528 rrvs
973 3477 1051 3527 uerbi
1068 3479 1155 3540 grstia
1171 3478 1297 3543 protulit,
1314 3479 1351 3527 ad
1366 3477 1435 3526 solus

281 3573 333 3633 les,
350 3583 420 3635 quse
438 3575 530 3620 umen
559 3575 587 3618 et
601 3568 677 3632 ipsse
696 3569 836 3631 negatoris
886 3570 976 3621 reales
998 3568 1145 3620 seruitutcs
1164 3571 1335 3634 pertineant,
1358 3575 1386 3617 et
1401 3568 1435 3616 ic·

282 3663 460 3728 repelluntur.
504 3660 571 3724 Quis
598 3667 689 3710 sutem
717 3675 838 3724 unquam
888 3662 968 3725 circo,
994 3660 1100 3712 etiamsi
1125 3661 1266 3712 conclusio
1284 3662 1348 3711 inde
1383 3659 1436 3709 fieri

282 3770 333 3819 pro
351 3753 493 3804 usufructu
521 3751 770 3818 praesumptionem
788 3766 836 3801 ex·
886 3754 989 3818 possit,
1008 3753 1130 3804 similiter
1145 3757 1238 3803 tumen
1253 3753 1289 3801 sd
1305 3765 1431 3816 persons·

284 3855 356 3898 stare
381 3845 531 3912 putauerit,
562 3859 645 3909 quum
675 3851 767 3895 tamen
789 3846 836 3894 de·
886 3847 929 3896 les
950 3844 1095 3894 seruitutcs
1123 3857 1181 3894 non
1201 3843 1327 3894 uideatur
1342 3857 1375 3893 ea
1390 3843 1434 3892 sd·

283 3945 370 3990 tracto
396 3937 536 3989 usufructu
563 3936 619 3986 lere
644 3936 710 3988 nihil
738 3935 770 3988 in
786 3939 835 3986 do·
886 3936 971 3986 biberi
988 3950 1081 4002 posse.

283 4032 349 4083 mini
376 4037 513 4095 potestate
538 4033 687 4081 remaneat.
739 4029 835 4094 Neque
924 4023 970 4091 ⁵⁸)
996 4028 1086 4079 Etiam
1103 4027 1183 4078 aliter
1202 4028 1355 4080 Wrsrrrrrs
1372 4027 1434 4076 haec

283 4132 374 4173 tamen
397 4122 455 4171 ullo
482 4121 545 4172 loco
580 4119 782 4172 distinctionem
807 4121 836 4170 in
886 4121 987 4170 relutst
1004 4120 1027 4182 ξ.
1049 4118 1083 4170 o..

284 4228 368 4264 onere
385 4214 539 4278 probandi,
562 4229 644 4278 quum
664 4213 697 4260 da
721 4211 835 4261 seruitu-
924 4209 969 4276 ⁵⁹)
989 4213 1032 4264 cf.
1050 4214 1202 4265 Lotum
1218 4228 1245 4278 p.
1260 4211 1328 4276 508,
1344 4211 1432 4263 Votu-

282 4307 353 4358 tibus
371 4305 552 4371 praedialibus
570 4311 598 4355 et
618 4319 701 4370 quum
720 4307 753 4355 de
773 4319 835 4369 per·
886 4319 1008 4360 sscnrvs
1027 4306 1050 4369 ξ.
1070 4303 1095 4357 9.
1113 4307 1185 4357 med.
1203 4311 1231 4356 et
1248 4305 1272 4369 5.
1293 4303 1332 4356 to.
1343 4305 1360 4355 i.
1378 4302 1403 4352 t..
