3067 5117
256 418 299 488 or
1042 438 1044 444 v
1163 397 1166 401 ’

257 568 366 635 exn.
392 579 425 636 u
451 568 639 648 emtarum,
667 569 831 637 russeus
852 594 919 637 non
939 570 1035 651 no,
1057 572 1116 638 ser
1136 570 1414 640 oooxxxvn.
1511 516 1512 567 ³

255 682 288 737 et
307 672 486 737 dimidium.
525 672 739 758 Sempronius
762 672 839 739 hino
861 673 978 739 retinet
1001 671 1082 739 CL..
1118 674 1187 739 Iam
1210 696 1289 740 uero
1313 696 1412 759 quum
1511 633 1513 749 i

255 784 330 840 ante
352 772 500 840 deduetis
524 772 659 840 CCCC.
681 774 827 859 exeeptis
863 774 1013 861 personis
1043 774 1160 840 debitis
1183 786 1308 843 restent
1337 773 1418 851 CC,
1512 768 1513 807 ³

255 898 296 939 ex
318 874 369 939 bis
391 876 438 940 ita
459 875 665 962 augebuntur
682 875 791 961 legata
826 898 845 941 a
876 873 1073 961 Sempronio
1106 876 1238 953 relieta,
1278 886 1314 941 ut
1347 876 1416 962 ipse

253 964 377 1041 tantum
398 977 475 1041 inde
494 978 642 1055 retineat,
662 986 819 1063 quantum
841 974 882 1041 ad
912 975 1019 1052 totius,
1042 998 1139 1060 quern
1160 977 1295 1063 aceepit,
1317 976 1413 1041 here·

254 1078 363 1143 ditatis
397 1077 609 1165 quadrantem
640 1076 839 1164 explendum
862 1076 1011 1151 sufficiat,
1041 1076 1150 1163 itaque
1171 1076 1321 1165 legatarii
1343 1077 1414 1142 eius
1513 1082 1514 1145 ἒ

254 1180 351 1244 etiam
370 1178 536 1245 habebunt
555 1180 615 1255 1..‚
644 1179 679 1244 in
699 1201 826 1243 summa
848 1175 1156 1245 CCCLXXXVII.
1179 1188 1211 1244 et
1231 1179 1411 1256 dimidium,

254 1280 470 1369 Sempronius
503 1278 619 1346 CCC..
691 1278 847 1365 Denique
884 1280 912 1346 si
943 1304 963 1345 a
1000 1278 1086 1345 Gaio
1124 1279 1237 1346 relicta
1273 1280 1413 1346 fuissent
1514 1269 1515 1347 i

254 1380 400 1459 CCCC,
429 1405 450 1448 a
469 1380 666 1469 Sempronio
690 1378 782 1458 00,
818 1404 860 1447 ex
878 1378 1018 1446 DCCC.
1039 1389 1115 1465 post
1136 1380 1245 1467 legata
1265 1380 1414 1477 exeeptis·

254 1484 364 1552 debita
384 1482 501 1560 soluta,
522 1482 691 1547 habiturus
713 1482 828 1549 fuisset
849 1481 1063 1569 Sempronius
1084 1479 1199 1559 CCC,
1223 1482 1417 1570 Semproni¹

254 1583 402 1675 legatarii
423 1582 506 1661 00,
529 1582 604 1649 Gaii
625 1581 728 1649 CCC.
749 1593 821 1649 eto..

359 1688 411 1764 20,
430 1686 632 1773 Pupillus
668 1694 769 1771 post
803 1683 982 1763 edietum
1017 1684 1289 1751 oommissum
1321 1695 1416 1750 tun·

255 1789 434 1855 tumdem
455 1785 581 1851 habet
600 1808 721 1871 quam
742 1793 881 1850 antea.
923 1786 993 1850 Iam
1012 1785 1107 1853 iaoile
1130 1787 1203 1872 quis
1225 1786 1334 1862 diost,
1354 1784 1412 1850 ha-

254 1890 365 1957 benda
383 1910 456 1955 esse
480 1886 600 1965 omnia,
622 1886 897 1972 quemadmodum
917 1896 1050 1954 testator
1077 1888 1234 1966 uoluerit,
1256 1887 1317 1954 sed
1338 1910 1412 1973 per·
1516 1922 1517 1929 κ

256 2015 379 2080 peram.
437 1990 545 2054 Antea
564 1988 652 2054 enirn
673 2011 773 2073 quum
795 1986 866 2052 eolo
882 1987 982 2072 patris
1004 1990 1170 2055 uoluntate
1193 2013 1233 2055 oa
1254 1988 1416 2075 acceperit

254 2091 415 2181 pupillus,
441 2090 507 2156 iam
525 2090 581 2157 lex
601 2090 799 2167 intercessit,
823 2099 855 2155 et
876 2088 964 2155 casui
987 2089 1059 2156 solo
1080 2090 1321 2157 attribuendum
1343 2112 1413 2155 esse

119 2264 128 2275 ,
254 2194 401 2270 uidetur,
428 2190 518 2279 quod
545 2190 679 2257 mutatio
705 2190 796 2257 nullu
816 2190 901 2257 faeta
923 2190 981 2269 sit,
1011 2192 1119 2278 itaque
1149 2191 1259 2257 omnia
1287 2198 1416 2256 utente

255 2293 424 2369 euenient‚
447 2292 511 2356 nisi
534 2292 623 2378 quod
642 2292 752 2379 legata
773 2301 804 2357 et
826 2316 845 2357 a
864 2292 990 2378 pupillo
1012 2293 1174 2359 extraneis
1198 2302 1230 2358 et
1253 2314 1272 2357 a
1295 2290 1415 2356 substi-

254 2407 322 2463 tuto
343 2394 457 2461 relicta
475 2393 592 2458 eodem
614 2393 679 2458 ium
702 2392 772 2458 iure
792 2392 950 2459 fruuntur.
1010 2393 1078 2459 Fue
1099 2393 1197 2479 igitur
1215 2391 1343 2479 pupillo
1365 2414 1416 2456 re-

254 2498 331 2564 licto
358 2496 459 2560 tuisse
480 2492 598 2571 MCC,
632 2494 698 2559 iam
717 2504 845 2559 mortuo
878 2515 917 2560 eo
946 2492 1113 2561 habebunt
1133 2504 1289 2581 exceptae
1312 2492 1417 2558 solida

253 2599 380 2685 legata,
399 2595 560 2682 reliquum
581 2594 626 2660 ita
645 2594 729 2661 inter
758 2606 885 2662 eeteros
913 2594 1090 2683 legatarios
1112 2596 1340 2674 distribuetur,
1382 2604 1417 2657 ut

255 2698 468 2786 quadrantem
512 2695 554 2762 de
581 2693 693 2762 MCC.
732 2696 947 2783 Sempronius
979 2696 1132 2776 retineat,
1165 2696 1213 2763 illi
1250 2720 1311 2785 pro
1349 2704 1416 2761 rata

255 2811 460 2867 eonourrant.

358 2904 410 2979 3⁶,
450 2899 613 2988 Pupilli
655 2899 872 2967 hereditas
915 2906 979 2965 est
1024 2896 1237 2965 imminuta
1277 2898 1415 2965 edioto

255 3004 498 3070 commisso:

359 3108 410 3187 a.)·
425 3104 528 3170 Gaius
552 3126 594 3169 ex
614 3126 688 3169 asse
705 3103 868 3169 institutus
888 3101 1032 3188 exeeptis
1053 3099 1193 3166 debebat
1213 3100 1277 3177 M.,
1309 3108 1414 3166 extra-

253 3208 324 3274 neis
347 3204 501 3282 CCCC,
530 3204 745 3291 Sempronius
767 3203 881 3271 CCC..
931 3204 1101 3268 Bonorum
1121 3200 1333 3287 possessione
1356 3200 1415 3264 im-

253 3318 379 3395 petrata
399 3306 503 3372 Gaius
531 3306 629 3371 habet
648 3304 771 3383 MCC,
794 3306 937 3394 exeeptis
959 3305 1056 3369 debet
1078 3301 1231 3380 CCCC,
1254 3300 1414 3368 extraneis

252 3408 344 3473 nibil.
385 3406 599 3491 Sempronius
620 3406 764 3493 exeeptis
786 3403 1036 3482 debetCCCC.,
1058 3404 1125 3469 suis
1147 3404 1312 3489 legatariis
1333 3401 1414 3479 cb,

252 3532 291 3575 ae
311 3529 389 3574 uere
411 3506 586 3572 dicendum
601 3517 660 3583 eet,
680 3508 777 3573 etiam
798 3508 874 3575 Gaii
895 3509 1004 3595 legata
1019 3506 1180 3573 extraneis
1197 3502 1308 3569 debita
1325 3504 1415 3590 prius

252 3632 326 3676 esse
347 3608 389 3674 ad
409 3607 579 3673 dimidium
599 3606 803 3685 reducenda,
824 3606 990 3675 habebunt
1011 3609 1110 3694 igitur
1132 3604 1214 3673 CC..
1257 3606 1413 3692 Sempro-

252 3711 326 3775 nius
348 3710 456 3794 itaque
479 3708 577 3774 debet
599 3706 734 3775 CCCC.
757 3709 914 3795 exeeptis,
936 3708 1006 3777 01..
1029 3708 1108 3786 suis,
1128 3706 1200 3775 CC.
1224 3706 1301 3773 Gaii
1321 3706 1414 3793 lega·

251 3810 360 3888 tariie,
380 3810 452 3897 ipse
472 3809 624 3875 retinebit
644 3808 821 3877 CCCCL..

356 3910 401 3994 b.)
424 3911 554 3977 Eodem
584 3934 662 3978 oasu
690 3912 835 4000 pupillus
863 3912 960 3979 debet
990 3912 1134 3998 exeeptis
1153 3912 1220 3989 M.‚
1254 3908 1412 3975 extraneis

252 4011 398 4092 0000,
419 4036 439 4078 a
458 4013 654 4101 Sempronio
673 4013 782 4101 legata
804 4024 878 4079 sunt
893 4011 1045 4080 DCCC..
1086 4014 1205 4079 Edicto
1228 4009 1411 4087 commisso,

252 4114 338 4183 Gaio
361 4124 509 4190 mortuo,
531 4115 746 4200 Sempronius
765 4113 898 4181 debebit
919 4115 1063 4201 exeeptis
1085 4113 1237 4191 0000,
1260 4112 1335 4180 Gaii
1355 4135 1411 4177 ex-

250 4214 371 4283 traneis
394 4213 482 4292 00,
511 4216 578 4281 suis
600 4215 746 4283 CCCC..
802 4214 937 4283 CCCC.
960 4216 1103 4302 exeeptis
1125 4214 1320 4302 praestanda
1339 4223 1412 4279 ante

250 4317 471 4397 deducuntur,
498 4327 621 4383 restant
639 4317 792 4396 DCCC,
821 4318 897 4386 hino
924 4318 1041 4387 retinet
1060 4317 1275 4406 Sempronius
1299 4312 1410 4390 CCC..
