3067 5117
286 395 346 466 1⁹⁰

285 557 469 634 praecepta,
494 550 572 616 satis
594 550 711 628 euinei,
733 551 767 616 in
790 549 1005 638 prohibitoria
1021 553 1150 620 actione
1171 555 1283 640 utique
1302 554 1431 622 dominii

284 644 511 730 probationem
555 651 722 728 sufficere,
769 651 841 717 sine
874 652 1032 720 debeatur
1070 655 1210 722 seruitus
1244 657 1317 722 siue
1357 680 1430 724 non.

284 745 329 810 Et
346 745 423 814 hinc
446 749 533 818 uiam
554 751 597 818 ad
620 751 791 839 sequentia
815 753 1038 841 patefecimus.

764 1023 964 1037 ῃ

809 1267 841 1350 s.
867 1267 915 1334 rs.

479 1401 504 1459 ll.
539 1409 577 1462 DE
595 1409 689 1462 ONERE
708 1411 856 1464 Proetum
876 1412 910 1464 IN
930 1411 1050 1464 AUI‘IONB
1072 1413 1242 1465 truncata

389 1541 441 1606 Eo
464 1539 594 1604 tandem
618 1541 846 1626 peruenimus,
875 1552 927 1619 ut,
955 1564 1013 1608 cur
1044 1540 1178 1608 omnino
1206 1553 1272 1608 tam
1303 1542 1437 1608 insede

284 1638 500 1728 prohibitoria
519 1640 647 1706 actione
669 1641 771 1706 locuti
793 1643 915 1720 simus,
944 1643 1105 1708 rationem
1126 1642 1323 1708 reddamus:
1346 1642 1437 1728 plane

284 1741 371 1808 enirn
401 1765 421 1808 a
449 1741 619 1828 preposito
650 1754 762 1807 nostro
796 1742 939 1808 alienum
970 1741 1120 1808 uideatur
1152 1765 1243 1821 esse,
1274 1745 1317 1809 de
1350 1742 1437 1808 tertis

284 1843 424 1930 quadam
453 1841 580 1908 actione
609 1841 691 1921 dici,
723 1867 822 1929 quum
845 1845 887 1910 de
917 1843 1043 1910 duabus
1065 1855 1189 1910 tantum
1207 1843 1342 1910 dicendi
1361 1865 1435 1910 con-

284 1944 391 2010 silium
411 1941 509 2008 frouti
530 1942 625 2008 buius
650 1945 930 2010 commentationis
955 1943 1214 2032 praefixerimus.
1254 1946 1372 2031 Neque
1392 1955 1435 2008 ta·
1517 1970 1518 1975 ¹

285 2067 360 2110 men
383 2043 507 2110 absona
529 2054 683 2110 tractasse
706 2044 801 2110 nobis
823 2045 991 2123 uidemur,
1020 2067 1120 2130 quum
1139 2044 1236 2110 huius
1253 2036 1436 2113 instituendi

284 2145 445 2210 ratiocinii
467 2165 554 2210 nunc
575 2143 705 2211 demum
724 2145 861 2213 facultas
882 2145 979 2212 nobis
1000 2145 1192 2212 obuenerit:

393 2248 440 2324 1⁰,
462 2244 561 2332 Apud
588 2245 776 2325 Romanos,
813 2248 930 2334 quibus
966 2246 1167 2312 exclusiuam
1201 2247 1343 2314 dominii
1375 2246 1437 2312 uim

284 2359 467 2425 tuerentur,
495 2347 579 2412 duae
600 2347 730 2412 luerunt
751 2349 897 2415 actiones
917 2359 949 2414 et
969 2347 1187 2434 prohibitoria
1208 2359 1240 2414 et
1261 2348 1434 2436 negatoria

389 2451 439 2526 2⁰,
460 2447 617 2514 Actiones
638 2449 871 2534 prohibitoria,
896 2462 928 2516 et
948 2450 1136 2536 negatoria,
1159 2460 1320 2535 quatenus
1340 2451 1436 2538 ipsam

284 2547 421 2616 dominii
456 2549 525 2613 uim
557 2547 756 2614 exclusiuam
803 2562 949 2630 tuentur,
994 2550 1104 2636 quoad
1134 2550 1289 2618 effectum
1323 2548 1435 2638 agendi

283 2673 416 2738 prorsus
438 2650 472 2714 in
493 2671 594 2715 unum
615 2650 807 2728 concidunt,
831 2661 968 2738 excepto
990 2675 1056 2718 uno
1079 2675 1169 2730 casu,
1184 2656 1233 2735 ⁴⁸)
1257 2653 1315 2740 qui
1336 2652 1435 2718 minus

284 2753 405 2818 attinet.

387 2855 473 2920 Hinc
508 2853 736 2939 consequitur,
768 2854 797 2918 si
825 2854 899 2938 quis
927 2855 1079 2921 dominus
1108 2855 1143 2920 in
1168 2855 1273 2922 libero
1296 2855 1345 2920 rei
1364 2875 1435 2920 suae

282 2979 343 3020 usu
372 2955 570 3032 turbaretur,
598 2954 729 3020 licuisse
762 2954 791 3019 ei
819 2978 879 3040 pro
902 2955 1056 3022 arbitratu
1079 2978 1139 3023 suo
1159 2956 1214 3023 uel
1236 2955 1433 3042 negatoriam

282 3055 453 3121 formulam
475 3056 527 3121 uel
549 3054 798 3142 prohibitoriam
820 3068 983 3142 expetere.

387 3159 437 3234 3⁰,
458 3158 563 3223 Porro
588 3155 739 3233 uidimus,
763 3156 798 3220 in
820 3156 948 3222 actione
970 3158 1187 3244 prohibitoria
1207 3158 1349 3226 dubitari
1370 3158 1433 3223 iure

283 3281 351 3324 non
369 3279 479 3343 posse,
508 3257 585 3344 quin
609 3257 744 3321 dominii
765 3257 960 3342 probatione
984 3259 1026 3324 ad
1048 3259 1275 3345 exceptionem
1296 3258 1432 3349 proban·

283 3361 357 3424 dam
380 3382 455 3424 reus
479 3359 666 3425 adducatur.

389 3459 479 3542 Quid
506 3462 607 3548 ergo?
649 3459 732 3524 Tam
759 3482 934 3544 peruersos
962 3459 1063 3524 luisse
1093 3458 1286 3525 arbitremur
1315 3461 1432 3526 Roma-

282 3585 361 3640 nos,
387 3575 422 3626 ut
451 3585 550 3648 quum
573 3561 678 3628 leuius
706 3560 870 3646 probandi
899 3585 982 3627 onus
1003 3570 1139 3647 possent
1159 3562 1342 3650 suscipere,
1362 3584 1431 3648 gra·

282 3666 355 3732 uius
384 3663 446 3730 sibi
468 3664 650 3752 elegerint?
690 3660 775 3727 Aliis
799 3662 924 3728 uerbis:
953 3663 1041 3728 Num
1061 3684 1206 3747 unquam
1227 3663 1355 3730 actione
1378 3684 1430 3726 ne-

282 3765 409 3854 gatoria
430 3775 558 3830 acturus
581 3766 654 3850 quis
675 3764 806 3840 fuisset,
834 3763 863 3828 si
884 3764 919 3828 in
940 3787 979 3830 ea
999 3762 1229 3850 probationem
1249 3775 1281 3830 et
1302 3760 1432 3830 dominii

282 3954 480 3964 Ἥ

227 4083 230 4090 ’
318 4071 363 4135 ⁴³)
383 4073 506 4124 Vidimus
527 4069 613 4135 enim,
643 4077 738 4122 cenna
762 4085 833 4136 opus
885 4071 998 4123 minium
1031 4075 1138 4122 tantum
1172 4070 1289 4134 probare
1323 4074 1431 4127 renem,

279 4165 334 4214 iam
353 4163 502 4228 perrectum
526 4163 718 4229 prohibitoriae
742 4163 834 4214 locam
885 4162 967 4213 etiam
986 4163 1039 4212 boc
1061 4177 1127 4214 casu
1146 4163 1257 4214 remita
1282 4177 1311 4214 se
1330 4161 1431 4217 habers,

281 4272 338 4308 non
356 4270 426 4306 esse.
466 4256 520 4306 Sed
541 4257 585 4307 hic
603 4272 681 4308 casus
703 4261 731 4306 et
748 4256 835 4306 rarior
885 4255 971 4306 facilis
990 4259 1033 4304 est
1052 4255 1200 4306 conclusio.

281 4355 331 4413 ast,
353 4355 381 4398 et
398 4347 464 4398 alias
484 4349 507 4399 si
524 4347 663 4412 negatoria
681 4363 766 4412 agens
785 4346 834 4398 do·
