3067 5117
366 569 415 623 tre
433 556 523 623 lratri
545 554 736 623 substitutus
758 555 920 642 impuberi
941 555 999 629 sit,
1028 554 1098 628 sine
1117 554 1217 622 dubio
1242 555 1441 623 necessarius

365 658 461 724 heres
483 656 648 723 exsistet“
695 657 888 739 (Vnrmuvs
908 655 965 723 lib.
985 642 1060 721 IIH.
1081 656 1193 744 Disp.)

286 762 328 826 L.
349 760 391 830 28
410 759 452 825 de
472 758 542 826 reb.
563 768 647 823 auct.
667 757 736 822 iud.
758 755 979 839 (XXXXII.,
1000 758 1065 841 5.):

367 858 626 939 „Paterfamilias
659 856 821 944 impuberi
849 857 936 935 filio,
959 858 988 924 si
1013 870 1086 924 ante
1105 857 1307 944 pubertatem
1329 858 1440 923 deees-
1532 784 1533 935 3

366 962 477 1039 sisset,
510 960 674 1025 substituit
695 958 865 1024 heredem:
893 958 921 1023 is
943 958 1029 1024 lilius
1052 969 1187 1044 paterna
1208 957 1386 1030 hereditate
1410 980 1442 1021 se
1532 976 1533 1011 t

367 1062 540 1140 abstinuit,
578 1061 720 1145 ideoque
754 1059 844 1126 bona
875 1060 975 1146 patris
1009 1062 1197 1151 uenierunt:
1234 1068 1349 1146 postea
1377 1057 1441 1121 filio

366 1163 529 1229 hereditas
557 1160 708 1240 obueuit,
743 1183 809 1246 qua
839 1161 926 1227 adita
951 1161 1100 1227 decessit.
1161 1164 1313 1245 Quaero,
1348 1184 1444 1245 quum

364 1266 502 1331 Praetor
533 1264 568 1329 in
604 1264 712 1349 ipsum
749 1262 928 1348 pupillum,
959 1262 1107 1348 quamuis
1130 1268 1252 1367 'postea
1283 1261 1443 1328 hereditas

365 1366 570 1444 obuenisset,
588 1363 802 1431 creditoribus
824 1374 931 1430 tamen
951 1364 1051 1450 patris
1073 1358 1234 1429 actionem
1254 1387 1322 1429 non
1344 1364 1443 1439 daret,

365 1492 407 1533 an
447 1468 482 1533 in
511 1466 718 1533 substitutum
745 1464 959 1532 creditoribus
992 1464 1131 1554 patris
1123 1464 1231 1531 danda
1270 1465 1310 1529 sit
1350 1464 1443 1540 actio,

364 1592 464 1652 quum
485 1590 526 1635 ex
548 1568 645 1633 bouis
665 1568 825 1653 paternis,
856 1590 940 1652 quae
962 1566 1085 1631 scilicet
1106 1540 1148 1631 ad
1169 1568 1347 1633 creditores
1368 1568 1444 1632 mis-

364 1692 419 1735 sos
441 1669 483 1735 ad
502 1670 591 1735 bona
610 1668 784 1755 pertinent,
806 1668 887 1733 nihil
909 1669 1069 1754 acquirat,
1093 1678 1125 1732 et
1148 1690 1248 1753 quum
1267 1668 1443 1733 creditores

365 1771 446 1836 nihil
466 1772 546 1837 iuris
565 1770 715 1838 inbonis
740 1770 858 1857 pupilli
879 1769 1051 1836 habuerint
1080 1792 1258 1856 eorumque
1282 1769 1366 1835 nihil
1395 1771 1443 1834 in-

363 1873 525 1950 terfuerit,
573 1872 732 1949 adiretur,
765 1893 889 1949 necue,
916 1871 1034 1957 pupilli
1062 1870 1242 1949 hereditas,
1277 1894 1380 1956 quum
1408 1893 1445 1935 ea

363 1974 467 2053 bona,
506 1974 649 2041 admissu
683 1997 703 2039 a
736 1972 909 2038 substituto
939 1972 1135 2050 hereditate,
1190 1972 1232 2038 ad
1265 1972 1442 2039 creditores

362 2102 430 2143 non
461 2076 749 2161 pertinebant?⁹⁹)
810 2076 867 2141 Me
901 2074 982 2138 illud
1015 2075 1154 2139 maxime
1190 2086 1314 2151 mouet,
1357 2071 1444 2159 quod
1532 2136 1533 2141 ,

363 2176 629 2265 praeceptoribus
650 2176 714 2241 tuis
735 2176 856 2262 placet,
879 2198 979 2241 unum
1002 2198 1073 2241 esse
1094 2184 1354 2243 testamentum-‘⁴
1532 2172 1533 2187 ¹

386 2278 587 2365 Respondit:
613 2277 737 2361 „Quod
757 2280 896 2344 Praetor
916 2276 1003 2353 filio,
1026 2276 1081 2363 qui
1110 2289 1285 2362 apaternu
1310 2276 1442 2343 heredi·
1532 2322 1533 2359 p

364 2394 427 2447 tate
451 2404 486 2447 se
508 2380 665 2458 abstinet,
693 2391 855 2467 praestat,
887 2403 929 2446 ne
958 2379 1055 2445 bonis
1081 2380 1181 2466 patris
1204 2381 1273 2445 eius
1300 2380 1442 2445 uenditis
1532 2420 1533 2463 p

362 2486 396 2549 in
416 2483 590 2549 eumactio
614 2482 724 2559 detur,
754 2482 959 2563 tametsi¹⁰⁰l
991 2493 1107 2569 postea
1140 2483 1170 2549 ei
1188 2480 1353 2547 hereditas
1384 2483 1442 2548 ob·
1532 2504 1533 2525 ι

360 2587 465 2663 uenit,
493 2584 707 2651 creditoribus
739 2606 807 2648 non
835 2582 966 2661 reddat,
1000 2584 1087 2649 idem
1114 2584 1148 2648 in
1178 2584 1352 2649 substituto
1375 2584 1442 2649 filio
1532 2586 1533 2615 ³

360 2801 396 2854 ut
417 2788 526 2875 potius
546 2788 668 2874 patris,
688 2809 787 2873 quam
809 2786 878 2851 eius
899 2786 988 2853 hona
1009 2798 1159 2853 ueneant.
1205 2786 1318 2871 Itaque
1341 2786 1377 2850 in
1398 2785 1441 2861 id,

362 2890 451 2977 quod
476 2900 593 2977 postea
627 2890 659 2955 ei
693 2888 845 2965 obuenh,
883 2888 966 2953 actio
998 2887 1213 2955 creditoribus
1249 2887 1442 2973 denegatur,

360 2994 437 3079 quia
455 2992 489 3056 id
512 3016 554 3057 ex
574 2990 757 3057 aduentieio
780 2990 972 3075 acquisitum
990 3002 1054 3067 est,
1083 3013 1150 3055 non
1173 3014 1232 3075 per
1250 3001 1380 3076 patrem
1396 2990 1442 3059 ad
1532 3032 1533 3037 κ

251 3090 257 3103 ”
359 3119 434 3161 eum
469 3094 628 3181 peruenit.
688 3095 732 3157 At
768 3116 866 3178 quum
904 3092 1093 3157 substitutus
1128 3092 1196 3158 filio
1228 3092 1442 3159 hereditatem

1532 940 1533 975 l

1532 2142 1533 2171 l

1532 2368 1533 2411 ι

360 2686 481 2753 herede
505 2685 700 2752 seruandum
722 2708 790 2751 non
812 2695 870 2762 est,
892 2684 1047 2769 quoniam
1067 2685 1126 2750 filii
1147 2686 1267 2772 pudori
1286 2685 1441 2772 parcitur,

360 3196 449 3274 adiit,
479 3196 667 3284 [postquam
693 3194 837 3281 pupillus
871 3216 906 3259 se
935 3204 1088 3280 paternae
1119 3194 1283 3259 miscuerit
1307 3194 1440 3259 heredi·

280 3424 480 3435 ι-οω--ι-ι--ο-η.

316 3571 361 3637 ⁹⁹)
382 3574 472 3636 Vulgo
490 3589 542 3639 pro
568 3574 767 3637 ‚‚admissa“
791 3576 830 3625 le·
881 3576 991 3625 datione
1018 3576 1192 3625 manifestum
1216 3582 1266 3627 est
1307 3576 1437 3641 Antiqui-

279 3667 349 3729 gitur
384 3665 569 3729 ,‚0missa,“
592 3682 643 3729 pro
669 3666 830 3729 „heredi-
879 3674 922 3717 tus
946 3668 1026 3731 „ct“
1046 3668 1217 3719 inserebatur
1245 3674 1309 3718 aute
1329 3675 1437 3732 „tam-

277 3759 375 3807 tate“
404 3759 595 3822 ,‚herede,“
625 3775 675 3823 pro
695 3758 828 3823 „perti·
880 3760 973 3809 etsi.“
1009 3760 1435 3825 Hvsonmvsvol.VI1.p.ot.

278 3848 429 3899 nebant“
448 3850 727 3913 „pertinerent.“
761 3849 828 3900 Mihi
879 3849 965 3902 1113
985 3854 1127 3918 audacrus
1168 3854 1222 3911 ni
1215 3853 1330 3915 ¹,fnllor
1370 3853 1434 3902 scri-

276 3940 447 3990 ucrisimilius
475 3941 599 4006 uidetur,
630 3945 759 4009 seriptum
788 3944 828 3993 su·
878 3947 955 4005 ptum
973 3943 1099 4005 luisset,
1101 3945 1179 4004 det’
1200 3946 1278 3995 eth.
1298 3946 1338 3993 u.‘
1341 3945 1434 3995 ‘·con

276 4032 351 4082 isse·
378 4034 534 4095 „omissa
556 4050 573 4083 a
597 4037 739 4099 pupillo
768 4036 827 4085 hs·
878 4034 976 4097 tendit
995 4050 1153 4098 prouocans
1175 4038 1211 4086 ad
1230 4036 1355 4087 GmrII.
1375 4036 1434 4088 154

277 4126 428 4174 reditate
460 4126 501 4174 ad
532 4126 727 4176 creditores
760 4141 827 4175 nou
881 4124 947 4175 155..
994 4126 1060 4175 Mihi
1101 4128 1129 4177 in
1177 4134 1296 4179 mentem
1337 4131 1433 4192 uenit,

277 4216 539 4279 pertinebant.“
879 4220 953 4281 quod
974 4218 1098 4269 facillime
1121 4220 1282 4271 restituitur.
1320 4228 1433 4285 „tam-

313 4306 380 4374 too)
399 4310 476 4383 Haec
490 4310 576 4361 uerba
598 4324 679 4374 egere
699 4304 837 4361 emendr-'
879 4311 963 4373 etri,
983 4310 1020 4359 si.
1033 4310 1048 4335 ‘⁶
