3067 5117
228 348 297 399 vm

229 558 396 647 tempore
425 546 593 622 sollerter
619 542 874 643 obscuratum,
901 571 975 647 quo
1005 544 1045 620 in
1073 545 1279 623 litterarum
1301 546 1384 624 uni-

228 660 404 745 uersitate
420 667 659 770 Gottingensi
682 668 917 767 quaestiones
936 694 1021 744 cum
1039 671 1204 770 praemio
1223 670 1384 772 primurn

227 792 389 894 proponi
429 802 583 891 coeptae
616 801 722 889 sunt,
762 791 825 891 pie
868 790 1064 866 colendum
1104 792 1384 893 studiorumque

227 915 409 1015 piimitias
436 913 477 987 in
511 914 599 988 artis
629 914 729 989 illius
758 913 1041 1014 doctrhraeque,
1069 913 1129 989 cui
1158 926 1277 990 totam
1296 926 1384 991 eo'n·

228 1063 371 1113 sacrare
388 1036 505 1111 uitam
528 1033 809 1134 destinauerim,
834 1035 1024 1111 liminibus
1053 1036 1276 1113 dedicandas
1304 1064 1385 1114 esse

229 1160 373 1257 censui,
412 1172 453 1234 ut
482 1152 681 1258 antequam
712 1186 877 1235 summos
909 1159 950 1233 in
976 1171 1136 1260 utroque
1157 1159 1237 1235 iure
1266 1160 1384 1236 hono·

228 1311 286 1361 res
315 1293 548 1384 appeterem,
579 1280 610 1354 si
636 1308 713 1355 non
745 1280 934 1381 exegisse,
964 1292 1089 1357 tamen
1120 1292 1284 1357 tentasse
1318 1282 1383 1356 ali-

133 1452 136 1456 ·
230 1405 321 1506 quid
360 1402 524 1501 uiderer,
569 1428 643 1503 quo
686 1400 892 1503 digniorem
935 1428 996 1479 me
1037 1404 1112 1478 hoc
1150 1403 1382 1480 initiamento

230 1528 433 1604 redderem.
494 1524 746 1601 Vehementer
786 1524 931 1624 itaque,
979 1525 1081 1625 quod
1118 1524 1221 1600 bona
1259 1539 1383 1601 mente

228 1651 368 1726 facturn
407 1662 481 1749 est,
524 1675 571 1724 ne
605 1646 761 1724 vanitati
789 1646 883 1723 illud
914 1648 1099 1724 tribuatur
1129 1649 1384 1724 ostentationi-

230 1800 302 1875 que
336 1800 561 1875 comprecor.

347 1898 452 1998 Ipsas
483 1897 552 1971 has
580 1894 910 1969 commentationes
936 1894 1140 1970 secundum
1166 1894 1304 1969 iudicia
1334 1896 1381 1969 ab

228 2020 363 2095 illustri
397 2032 556 2118 utroque
588 2016 729 2093 Ordine
765 2016 844 2091 lata
877 2016 1074 2119 diligenter
1102 2016 1299 2092 emendare
1327 2018 1382 2094 vi-

229 2142 365 2241 tiisque
394 2167 555 2242 purgare
581 2138 707 2214 studui
730 2148 767 2213 et
794 2138 960 2214 exactius
986 2139 1136 2238 quidem
1162 2165 1256 2237 eam,
1287 2165 1383 2238 quae

228 2266 336 2341 Halis
363 2261 590 2338 elaboranda
623 2262 710 2359 suit,
747 2286 862 2359 quum
898 2261 1213 2336 accuratissimam
1242 2260 1308 2335 illa
1335 2287 1383 2336 ex

229 2388 330 2465 omni
355 2399 462 2487 parte
487 2385 612 2459 tulerit
637 2384 901 2460 recensionem.
954 2381 1086 2482 Itaque
1113 2382 1312 2485 praecipue
1343 2384 1384 2458 in

228 2508 470 2614 paragraphis
503 2519 541 2590 ta
564 2555 615 2565 -
647 2518 684 2587 15
723 2506 826 2581 haud
861 2530 982 2605 pauca
1016 2517 1052 2580 et
1089 2506 1307 2607 corrigenda
1346 2520 1382 2581 et

228 2630 508 2732 transponenda
536 2628 678 2727 inueni,
712 2628 794 2703 aliis
825 2627 917 2701 loeis
950 2652 1049 2701 nunc
1077 2626 1196 2702 adieci
1230 2628 1382 2726 aliquid,

227 2781 327 2830 nunc
354 2753 509 2854 explosi.
549 2752 716 2829 Priorem
743 2763 867 2826 autem
890 2748 1139 2848 scriptionem,
1169 2775 1283 2848 quum
1310 2751 1383 2825 tria

228 2890 336 2953 antea
376 2875 499 2975 capita
537 2875 710 2972 haberet,
760 2874 801 2947 in
840 2883 1015 2970 quattuor
1056 2869 1184 2968 diuisi,
1224 2899 1382 2969 quorum

226 3001 387 3101 primum
417 2998 680 3099 paragraphis,
728 3022 825 3095 quae
860 3004 971 3067 antea
1006 3018 1083 3066 non
1120 2993 1286 3090 filerunt,
1327 2994 1381 3067 di-

227 3122 361 3218 stinxi,
400 3120 676 3221 paragraphum
720 3118 904 3193 decimam
936 3127 1055 3191 totam
1093 3114 1230 3212 adieci,
1273 3144 1381 3215 para-

226 3244 410 3347 graphum
447 3254 617 3316 octauam
662 3240 829 3315 funditus
874 3237 1088 3335 emendaui,
1139 3236 1180 3311 in
1225 3237 1380 3337 singulis

150 3364 153 3371 “
227 3346 508 3469 quaestionibus
543 3361 784 3464 expediendis
826 3361 943 3435 multa
980 3360 1042 3435 hio
1080 3358 1158 3432 illic
1192 3358 1330 3432 addidi·

344 3487 420 3564 sed
451 3486 540 3562 satis
578 3487 690 3585 haee,
739 3509 788 3559 ne
824 3482 924 3557 iusto
957 3482 1066 3582 plura
1094 3479 1299 3581 praefando
1328 3481 1380 3555 le-

226 3624 345 3686 ctores
383 3609 593 3709 defatigem.

277 3745 495 3823 scribebam
508 3742 616 3819 Halis
638 3769 670 3819 a.
685 3742 719 3819 d.
729 3742 833 3819 xm.
844 3742 922 3818 Cal.
940 3741 1049 3818 Febr.
1064 3741 1111 3818 A.
1121 3737 1379 3817 MucchV.
