3067 5117
286 418 326 490 ll

285 572 376 661 priua
392 572 485 651 illud,
502 568 591 659 qued
606 568 688 638 dixit
702 567 936 649 Parmam,
948 616 969 648 „
980 591 1029 637 ne
1047 569 1305 637 substitutus
1323 568 1442 655 quic-

285 696 405 761 quam
427 675 507 741 reti
519 696 541 739 n
550 696 568 739 e
577 680 656 753 at,“
670 672 809 760 amplius
822 670 979 759 explicari
993 671 1241 750 contenderunt,
1252 680 1307 738 aut
1318 670 1444 738 Gova-

222 832 230 847 .
285 794 358 843 auo
372 776 484 864 pii&
500 785 630 843 auctore
641 790 762 841 nouam
777 773 941 859 quandam
949 772 1173 859 quaestionem
1184 772 1296 840 induci
1305 784 1444 861 putaue-

285 888 371 957 runt,
389 900 454 963 qua
470 876 504 942 id
520 884 719 953 tractaretur,
732 875 813 961 quid
829 874 1013 941 iaciendum
1031 874 1082 953 ait,
1097 872 1126 940 ai
1146 875 1231 941 inira
1251 873 1445 940 dodrantem

285 980 389 1068 patria
403 977 565 1045 hereditas
574 976 740 1044 deminuta
753 974 859 1055 luerit,
877 975 955 1041 dnm
965 988 1061 1043 antea
1071 976 1114 1043 de
1121 976 1347 1043 imminutione
1360 997 1444 1061 qua-

286 1082 433 1149 drantem
444 1102 511 1147 non
521 1079 700 1146 excedente
711 1078 834 1145 dictum
847 1079 899 1157 eit,
912 1088 968 1144 aut
980 1077 1123 1164 denique
1133 1078 1310 1144 Douma
1316 1074 1444 1145 Vol.V.

285 1208 319 1273 p.
346 1184 396 1253 28.
424 1192 670 1270 propugnatore
706 1179 848 1246 mediam
875 1180 1039 1265 quandam
1070 1180 1230 1246 rationem
1258 1198 1445 1267 proposue-

284 1296 377 1365 runt,
399 1284 441 1351 de
463 1304 528 1371 qua
546 1282 630 1349 inira
646 1279 796 1370 pluribus
818 1282 983 1371 agendum
1001 1283 1071 1349 erit
1111 1281 1259 1351 Primum
1269 1282 1379 1368 itaque
1402 1280 1446 1347 de

284 1386 449 1477 prioribus
472 1386 537 1453 illie
558 1383 704 1451 dicemur
722 1385 902 1452 sententiis.

389 1488 467 1573 Qua
489 1488 524 1554 in
545 1508 581 1555 re
602 1484 850 1553 concedendum
869 1496 938 1567 eet,
961 1507 1023 1573 pro
1044 1488 1220 1554 uerborum
1241 1497 1355 1555 tenore
1380 1508 1445 1575 pa·

283 1591 361 1673 riter
393 1601 565 1678 utramque
600 1588 900 1677 interpretationem
933 1608 1034 1677 poeae
1073 1589 1217 1656 admittit
1248 1612 1325 1656 nam
1351 1590 1446 1675 quod

284 1695 500 1759 Hvacuxrvs
524 1692 680 1780 proponit
706 1690 785 1761 vol.
808 1686 868 1760 vi.
890 1713 925 1780 p.
944 1692 1028 1771 M,
1057 1691 1086 1757 ai
1113 1701 1358 1779 perseuerasset
1368 1692 1444 1758 Pa·

282 1814 448 1863 emma
469 1796 503 1862 in
517 1795 633 1863 eadem
646 1795 838 1881 quaestione
859 1792 1038 1873 nectenda,
1051 1803 1084 1859 et
1095 1794 1221 1881 „qnid
1242 1792 1377 1861 enim“
1390 1792 1444 1858 di-

283 1898 535 1966 eendumiuieae
549 1918 610 1987 pro
632 1896 764 1985 „quid
784 1894 1120 1984 ergo‚“etalteram
1132 1896 1444 1984 quoqnequaeetlo·

284 2002 335 2067 nia
357 2012 501 2089 partem,
523 1999 552 2065 ai
572 1999 730 2065 creuieeet
748 1999 932 2077 hereditas,
957 1994 1061 2063 iueiue
1081 1998 1183 2065 iniere
1202 1997 1443 2087 explicandam,

281 2115 452 2190 utrumque
473 2102 631 2189 languere
659 2100 807 2179 uidetur,
828 2100 883 2182 (et.
902 2099 1100 2165 Douunnvs
1120 2100 1143 2167 l.
1165 2100 1231 2180 cit,
1249 2101 1442 2168 Pronom-

279 2224 362 2271 ruvs
384 2228 416 2292 p.
437 2205 488 2273 ω.
508 2203 622 2289 med),
645 2202 705 2270 aed
725 2225 787 2290 per
805 2224 842 2268 ee
864 2196 1068 2289 intelligitur,
1090 2202 1315 2287 quaestionem
1336 2201 1442 2280 illam,

282 2317 440 2393 quatenus
460 2305 557 2373 heres
577 2304 747 2372 imminuta
767 2304 944 2371 admodum
961 2302 1139 2371 hereditate
1148 2304 1260 2391 legata
1272 2316 1444 2393 praestare

215 2454 217 2457 -
281 2421 435 2498 cogatur,
457 2408 621 2495 duplicem
644 2428 728 2474 eaae.
771 2408 884 2491 Quum
905 2406 993 2473 enim
1016 2404 1183 2473 obtinente
1203 2405 1283 2473 inrie
1312 2408 1443 2494 regula,

282 2522 470 2600 „patrem
490 2512 538 2577 de
562 2532 634 2576 auo
654 2509 851 2597 legare,“
872 2507 944 2576 lieri
963 2508 1078 2596 poscit,
1099 2519 1135 2574 ut
1147 2508 1258 2576 debita
1272 2510 1443 2599 legatariis

280 2616 388 2704 portio
409 2612 464 2679 uel
490 2622 605 2689 exstet,
625 2611 680 2677 uel
700 2635 767 2678 non
780 2622 895 2689 exstet,
909 2630 978 2677 non
1000 2610 1116 2677 eadem
1135 2611 1216 2678 iuris
1229 2612 1392 2701 principia
1407 2614 1443 2678 in

281 2728 452 2803 utrumque
473 2736 585 2781 casnm
604 2712 818 2793 redhibenda,
838 2713 948 2799 itaque
968 2713 1103 2801 propria
1122 2716 1339 2801 responsione
1359 2716 1443 2782 utri·

281 2841 345 2906 que
365 2815 628 2885 satisfaciendum
646 2838 730 2895 ecee,
752 2816 810 2881 uix
830 2826 890 2894 eat,
903 2815 992 2901 quod
1005 2838 1208 2896 moneamur,
1228 2839 1329 2904 quum
1341 2838 1443 2905 prae-

282 2920 393 2987 sertim
416 2920 458 2986 de
473 2918 664 2985 Parmam
685 2918 761 2985 loco
790 2929 915 3006 agatur.
962 2918 1070 2985 Porro
1098 2931 1206 2986 autem
1234 2920 1262 2986 ai
1300 2944 1442 3008 quaera-

234 3072 241 3091 .
280 3046 376 3101 mue,
398 3022 465 3089 loci
481 3021 577 3089 huius
598 3032 749 3109 respectu
767 3042 836 3088 non
855 3020 986 3099 habito,
1007 3021 1087 3107 quid
1107 3022 1242 3089 omnino
1271 3022 1443 3091 deminuta

280 3123 365 3191 inira
386 3122 578 3191 dodrantem
597 3122 777 3191 hereditate
796 3123 981 3191 iaciendum
1004 3146 1077 3191 esee
1104 3124 1297 3212 responderi
1320 3137 1442 3213 potue÷

279 3226 338 3304 rit,
360 3225 466 3291 atatim
487 3226 709 3313 ambigemus,
740 3236 870 3305 utrum,
896 3225 1052 3313 quicquid
1087 3228 1250 3315 acceperit
1257 3276 1267 3306 ,
1296 3250 1441 3317 erogan-

281 3326 359 3393 dum
382 3348 455 3393 erae
472 3326 644 3394 substituto
668 3327 838 3405 dicamus,
875 3346 918 3392 an
949 3328 1060 3415 potius
1087 3328 1142 3395 nel
1175 3351 1281 3415 neque
1313 3331 1355 3397 ad
1375 3331 1440 3399 do-

281 3430 429 3495 drantem
451 3428 521 3494 eiua
543 3428 760 3507 substantiae,
783 3451 880 3515 quam
900 3439 994 3517 pater
1013 3429 1191 3517 reliquerit,
1210 3432 1321 3520 legata
1340 3434 1381 3501 ab
1397 3458 1439 3502 eo

280 3530 432 3617 augenda
452 3552 525 3596 esse
546 3530 587 3597 de
609 3531 676 3597 auis
696 3531 795 3597 bonis
822 3531 1068 3598 contendamus.
1115 3535 1160 3599 Et
1185 3534 1276 3620 priua
1305 3536 1441 3621 quidem

279 3632 361 3698 illud
383 3630 575 3711 uoluerunt,
597 3633 652 3719 qui
675 3632 862 3700 Cvrncwu
882 3632 984 3699 secuti
1002 3647 1078 3700 eunt
1098 3635 1133 3700 in
1154 3635 1230 3703 loco
1251 3635 1315 3704 hoc
1335 3638 1438 3705 inter-

279 3733 449 3821 pretando,
458 3736 620 3822 posteriue
631 3735 706 3814 hoa,
720 3735 777 3821 qui
792 3758 867 3801 cum
877 3735 1058 3802 Govnnuo
1069 3736 1225 3817 iecerunt,
1236 3739 1282 3805 ita
1293 3739 1439 3825 quidem,

279 3847 314 3903 ut
324 3837 359 3901 in
376 3836 525 3923 sequenti
539 3836 751 3905 iureconsulti
764 3836 931 3903 decisione
941 3838 1077 3905 uerbum
1089 3839 1277 3925 „quadra
1284 3851 1343 3907 nte
1349 3850 1371 3880 ‘⁶
1383 3844 1438 3909 uel

278 3938 396 4006 rectius
412 3936 514 4007 uerba
528 3939 783 4027 „quadrante
798 3938 987 4007 nimirum
994 3947 1030 4020 ,“
1040 3944 1090 4025 ¹⁸)
1102 3941 1284 4029 (quodnon
1295 3942 1438 4031 primurn

301 4259 347 4328 η)
366 4258 470 4316 Vocem
488 4260 693 4329 „nimirnm“
712 4265 829 4317 rectissi-
878 4263 986 4330 ignoro.
1044 4268 1107 4321 Hoc
1134 4273 1227 4321 tamen
1249 4270 1314 4321 loco
1344 4270 1436 4335 ipautn

276 4373 319 4413 rne
338 4362 367 4413 in
385 4358 567 4425 responsione
589 4360 729 4425 nrarpari,
754 4358 828 4410 haud
879 4362 1021 4423 morrena
1050 4362 1160 4413 uidem
1186 4363 1324 4427 indicare,
1358 4362 1436 4428 qnod
