3067 5117
1187 438 1246 505 153

93 593 138 679 gis
162 592 336 658 admissam
357 614 429 656 esse
441 591 633 670 censuerim,
657 614 696 657 ac
720 591 747 655 si
760 590 831 675 quis
854 588 1012 675 impedire
1025 588 1165 653 uoluerit
1184 587 1244 652 do-

92 696 222 771 minum,
245 694 417 779 quominus
439 694 511 780 ipse
533 705 585 759 eat
599 704 674 779 agat
696 693 730 757 in
750 692 851 757 fundo
878 714 949 767 suo,
971 690 1079 775 itaque
1098 713 1165 755 non
1183 691 1244 755 do·

12 835 13 840 1
93 795 177 859 mino
210 795 303 879 quasi
331 795 471 879 relinqui
500 796 551 858 ius
585 793 817 879 compascendi
843 792 1004 869 dicemus,
1039 791 1097 857 scd
1126 790 1244 856 rectius

92 898 196 982 ipsum
236 895 298 961 hoc
341 897 391 961 ius
433 896 495 960 sibi
536 894 703 979 acquirere
744 894 928 980 putabimus
973 892 1193 959 aduersarium
1227 916 1246 955 a

12 985 13 1036 Ῐ
93 999 234 1065 domino.

192 1102 232 1165 ln
253 1098 316 1163 hoc
338 1099 446 1183 itaque
466 1111 553 1163 recte
575 1108 728 1183 egerunt,
749 1120 833 1182 quos
853 1095 1061 1183 reprehendit
1077 1096 1244 1161 VuLTHa·

11 1261 12 1264 ,
94 1222 173 1266 nnvs
204 1201 225 1264 l.
256 1224 302 1265 c.:
345 1199 441 1264 nobis
472 1210 579 1264 autem
605 1200 677 1265 talis
708 1222 798 1264 error
832 1198 1005 1263 subuenire
1034 1220 1101 1261 non
1128 1195 1244 1281 potuit,

94 1305 166 1389 quia
195 1299 397 1388 negatoriam
428 1324 469 1365 ex
496 1299 642 1364 dominio
678 1311 802 1365 tantum
837 1298 948 1364 eiusue
986 1298 1175 1363 extensione
1211 1296 1245 1359 in

11 1401 12 1432 ³
94 1414 179 1489 parte
197 1402 383 1478 exclusiua,
417 1424 485 1464 non
512 1425 591 1465 uero
616 1423 657 1467 ex
676 1400 711 1465 ui
732 1400 900 1466 exclusiua
923 1398 1112 1465 incrementi
1136 1397 1245 1464 cuius-

11 1501 12 1578 l
94 1506 139 1571 uis
160 1503 298 1569 dominii
322 1515 506 1588 competere
529 1502 707 1567 statuimus.

199 1604 357 1671 Similiter
377 1604 410 1668 in
434 1626 473 1668 eo
496 1602 692 1668 discedimus
715 1627 735 1668 a
754 1604 988 1679 vererumne,
1014 1601 1103 1686 quod
1132 1600 1246 1665 distin-

95 1707 230 1771 ctionem
252 1707 362 1782 istam,
380 1728 476 1791 quam
497 1727 626 1789 semper
648 1704 688 1768 de
710 1696 929 1781 seruitu'tibus,
952 1726 1034 1787 quae
1056 1702 1089 1766 in
1110 1725 1177 1767 non
1198 1703 1246 1768 fa-

96 1808 206 1873 ciendo
227 1818 257 1871 et
280 1829 363 1891 quae
385 1807 419 1869 in
439 1792 593 1891 patiendo
616 1805 814 1880 consistunt,
837 1804 991 1880 exhibuit,
1015 1804 1247 1890 negligendam

95 1908 292 1982 censuimus,
328 1905 404 1991 quia
426 1930 467 1971 ex
489 1916 601 1969 nostra
629 1905 670 1970 de
698 1905 900 1971 confessoria
932 1914 963 1969 et
994 1906 1163 1991 negatoria
1185 1905 1246 1970 do-

98 2010 196 2073 ctrina
219 1998 325 2072 omnis
355 2008 418 2071 ista
443 2006 626 2071 differentia
646 2008 716 2071 sine
743 2008 811 2073 ulla
839 2006 1031 2071 difficultate
1051 2006 1189 2091 singulis
1212 2029 1246 2071 se

96 2110 266 2197 propositis
288 2110 521 2174 accommodat.

193 2211 367 2295 Denique,
405 2210 492 2294 quod
513 2209 597 2276 infra
618 2211 821 2288 uidebimus,
843 2212 940 2297 plane
968 2212 1173 2277 VnLrflumn
1193 2234 1246 2277 ra-

97 2314 212 2378 tionem
233 2335 443 2398 spernemus,
475 2312 509 2375 in
536 2308 739 2395 requirendis
760 2312 843 2390 illis,
874 2335 957 2397 quac
978 2312 1020 2377 ad
1038 2312 1249 2378 fundamenta

95 2414 299 2478 formularum
327 2411 489 2476 fulcienda
515 2414 694 2498 pertinent:
732 2424 763 2477 et
793 2416 827 2479 in
859 2412 1010 2479 omnibus
1040 2414 1174 2479 omnino
1206 2413 1247 2479 dc

98 2537 191 2580 onere
211 2513 373 2601 probandi
396 2513 578 2599 praeceptis
602 2514 823 2579 enucleandis.

194 2617 307 2699 Itaque
329 2614 521 2700 praecipuas
541 2614 604 2679 uiri
626 2613 712 2679 illius
733 2615 847 2683 laudes
869 2616 903 2681 in
924 2640 963 2682 eo
983 2617 1154 2703 ponendas
1176 2640 1247 2682 esse

97 2714 291 2792 arbitramur,
316 2738 383 2780 non
405 2716 493 2800 quod
516 2726 646 2783 exarata
666 2717 828 2802 undique,
860 2729 892 2783 et
920 2742 1003 2803 quae
1028 2719 1134 2784 statim
1160 2730 1249 2787 recta

97 2840 130 2881 se
151 2818 373 2902 comprobent,
394 2818 466 2902 ipse
490 2817 530 2882 de
551 2817 678 2882 actione
697 2819 898 2884 confessoris
917 2832 947 2885 et
964 2820 1134 2905 negatoria
1151 2842 1247 2905 prae-

98 2928 187 3004 cepta
208 2918 372 2995 exhibuit,
401 2919 460 2983 sed
482 2919 570 3003 quod
591 2918 694 2984 lacem
722 2919 874 3005 praetulit
893 2918 1147 3006 posterioribus,
1178 2921 1246 3006 pri-

64 3061 70 3069 ·
97 3042 164 3084 mus
183 3020 222 3084 ad
244 3020 351 3104 ipsum
370 3018 581 3083 formularum
603 3030 750 3085 tenorem
771 3021 949 3106 respiciens
980 3031 1019 3110 et
1032 3019 1183 3085 odiosum
1205 3020 1245 3084 il-

97 3120 166 3197 lud,
195 3120 396 3207 rogatoriam
417 3120 527 3185 uerbis
554 3119 702 3206 quidem,
738 3122 797 3187 sed
819 3145 854 3188 re
883 3133 913 3187 ct
936 3122 1053 3187 effectu
1077 3122 1246 3187 confesso-

96 3220 174 3284 riam
205 3222 417 3309 impugnare,
453 3222 541 3287 haud
578 3221 798 3288 mediocribus
833 3224 928 3288 nixus
964 3224 1162 3309 argumentis
1194 3224 1245 3287 in-

98 3320 231 3387 cboauit.
