3067 5117
1189 380 1246 449 121

202 539 263 607 Sin
302 559 381 603 uero
413 561 433 601 a
457 534 583 622 pupillo
617 532 677 597 sub
707 532 895 598 conditione
917 534 961 598 ita
984 534 1127 618 legatum
1147 532 1253 606 luerit,

108 647 137 700 nt
154 647 280 701 mortuo
302 659 342 701 eo
365 637 448 701 intra
469 636 671 721 pubertatem
692 619 838 698 conditio
864 633 1003 710 deficiat,
1027 633 1116 697 uelut
1139 633 1189 709 „si
1210 631 1252 696 ad

107 738 298 823 pubertatem
318 737 536 824 peruenerit,“
559 747 591 801 et
612 734 813 801 asnbstitnto
835 734 944 820 legata
964 734 1084 799 luerint
1104 732 1252 819 repetita,

108 838 362 925 distinguendum
394 850 459 915 est,
492 834 765 924 quemadmodum
796 834 880 900 lacta
910 836 951 899 sit
969 834 1129 921 repetitio.
1169 832 1254 901 Nam

108 941 131 1004 si
149 940 267 1005 dictum
288 939 347 1004 sit:
993 946 995 949 '

180 1060 298 1142 „Quae
323 1057 430 1123 atilio
457 1080 531 1122 meo
554 1055 677 1141 legaui,
702 1078 851 1139 quaeque
874 1076 948 1119 cum
979 1054 1055 1121 dare
1088 1056 1188 1133 iussi,
1228 1056 1255 1121 si

178 1160 256 1223 mibi
267 1160 362 1225 heres
375 1168 470 1235 esset,
494 1180 533 1223 ea
552 1156 647 1222 heres
669 1180 762 1221 meus
785 1154 941 1219 iisdem
963 1155 1110 1223 diebus
1132 1157 1233 1222 dato“

109 1258 154 1324 nel
192 1260 296 1325 simile
333 1257 472 1343 aliquid,
506 1282 574 1323 non
604 1257 736 1323 debebit
763 1258 907 1343 legatum
939 1256 1019 1320 illud
1052 1256 1253 1323 substitutus.

109 1362 229 1445 Quodsi
250 1384 331 1448 pure
350 1360 435 1425 iacta
456 1360 496 1423 sit
518 1358 684 1445 repetitio:

181 1480 298 1563 „Quae
321 1505 341 1545 a
362 1480 430 1545 filio
451 1501 524 1544 meo
545 1477 671 1563 legani,
700 1476 795 1543 heres
818 1501 909 1543 meus
932 1476 1042 1555 dato,“

108 1597 208 1684 legata
225 1599 321 1666 debet
343 1599 533 1679 substitutus
566 1597 692 1674 omnia,
727 1621 803 1661 nam
838 1598 922 1663 inter
951 1620 1007 1675 ea,
1041 1620 1123 1683 quae
1145 1598 1255 1664 atilio

108 1698 209 1785 legata
227 1714 321 1779 sunt,
339 1702 393 1767 uel
415 1725 455 1767 ea
475 1700 652 1774 habentur,
674 1721 757 1783 quae
780 1710 954 1783 postquam
975 1699 1010 1763 in
1031 1722 1123 1765 suam
1144 1700 1255 1767 uenis·

108 1811 149 1865 set
168 1802 316 1879 tutelam,
347 1802 529 1877 debuisset,
561 1813 592 1868 et
621 1800 685 1865 hoc
714 1822 793 1865 casu
821 1824 933 1866 eorum
955 1800 1098 1866 conditio
1120 1799 1257 1865 remissa

22 1939 23 1998 ἐ
108 1924 173 1966 esse
190 1902 327 1970 uidetur.
347 1905 388 1970 L.
409 1906 460 1971 32.
484 1904 525 1969 de
545 1902 635 1987 legg.
656 1902 694 1966 Ι..
718 1902 762 1966 Et
784 1900 900 1967 eodem
921 1900 1020 1966 modo
1043 1899 1257 1986 intelligenda

110 2013 153 2067 est
172 2004 213 2068 L.
237 2007 306 2071 113.
328 2006 360 2089 8.
382 2007 412 2071 4.
435 2003 476 2069 de
496 2003 585 2091 legg.
607 2004 656 2068 L:

184 2104 244 2180 „Si
274 2105 314 2170 ab
345 2104 514 2192 impubere
544 2105 687 2191 legatum
716 2104 813 2170 fuerit
844 2102 903 2169 sub
931 2103 1137 2179 conditione,
1169 2101 1198 2166 si
1214 2102 1256 2167 ad

179 2206 379 2291 pubertatem
390 2206 587 2292 peruenerit,
609 2217 640 2271 et
664 2230 684 2271 a
703 2207 876 2272 substituto
898 2204 1070 2291 repetitum
1092 2204 1254 2271 111011110-

181 2319 301 2393 gatum,
325 2296 460 2373 debetur
480 2318 511 2372 et
533 2331 552 2373 a
573 2305 760 2372 substituto:
783 2330 844 2373 nec
866 2305 994 2370 uidetur
1016 2307 1153 2393 repetita
1174 2330 1254 2373 con-

180 2406 277 2486 ditis,
300 2431 384 2492 quae
405 2407 519 2473 inutile
540 2407 684 2493 legatum
703 2406 813 2483 iacit,“

109 2529 166 2590 quo
197 2508 270 2575 loco
305 2510 345 2577 de
380 2510 483 2596 prio'ri
518 2510 580 2575 ista
608 2509 812 2597 repetitionis
840 2507 980 2573 formula
1001 2530 1068 2572 non
1091 2510 1253 2595 cogitasse

21 2608 22 2623 ¹
108 2608 341 2689 Maucrnuvlr,
362 2623 509 2698 apertum
531 2622 590 2676 est.

21 2795 22 2812 2
203 2729 379 2805 Similiter,
399 2730 427 2795 si
444 2729 568 2815 aliquid
588 2729 663 2816 plus
682 2729 826 2816 legatum
850 2729 892 2793 sit
911 2754 931 2795 a
952 2730 1135 2807 substituto,
1159 2752 1256 2815 quam

21 2835 22 2842 ’
109 2828 252 2895 inutiliter
279 2855 300 2896 a
326 2830 452 2917 pupillo
483 2830 627 2917 legatum
655 2830 778 2907 luerat,
800 2830 944 2917 legatum
966 2832 1099 2897 ualebit.
1139 2834 1181 2897 L.
1204 2834 1252 2899 19.

21 2931 22 2986 l
108 2929 136 3011 8.
157 2933 182 2996 1.
203 2932 297 2997 eod:

180 3052 293 3129 „Idem
324 3052 574 3135 (Pornnnvs)
609 3052 729 3119 eodem
748 3053 824 3119 loco
847 3063 879 3119 et
899 3054 933 3117 in
953 3052 1125 3117 substituto
1147 3052 1254 3137 impu-

179 3155 264 3220 beris
286 3153 435 3239 scripsit,
455 3162 492 3217 ut
508 3153 537 3217 si
556 3153 652 3219 luerit
672 3154 713 3219 ab
733 3154 904 3240 impubere
924 3152 1080 3219 inutiliter
1100 3154 1254 3240 legatum,

181 3256 368 3321 substitutus
389 3254 454 3320 boc
475 3254 611 3331 debeat,
632 3255 661 3318 11
681 3254 745 3319 hoc
765 3253 904 3341 amplius
926 3254 1069 3339 legatum
1090 3254 1130 3321 ab
1153 3276 1193 3321 eo
1214 3256 1255 3323 sit

178 3359 324 3425 relictum
359 3355 497 3441 aliquid,
532 3377 595 3421 nec
629 3355 685 3421 ille
717 3356 802 3441 patri
830 3354 924 3421 heres
952 3355 1109 3423 exstiterit
1138 3367 1169 3423 et
1196 3357 1254 3423 dc·

178 3457 343 3526 cesserit.“

202 3560 306 3627 Cuius
328 3558 376 3625 rei
395 3558 478 3624 ratio
500 3556 647 3624 similiter
667 3580 778 3625 rursus
800 3557 878 3625 inde
910 3557 1131 3643 cognoscitur,
1166 3560 1255 3644 quod

110 3686 193 3741 eum,
230 3663 287 3747 qui
316 3661 392 3748 plus
424 3660 579 3745 relinquit
615 3683 637 3724 a
670 3660 843 3725 substituto
873 3682 940 3725 uon
972 3658 1006 3723 id
1039 3659 1256 3745 solnm-quod

108 3765 173 3849 plus
200 3763 306 3828 inutili
334 3762 437 3848 priori
464 3761 573 3847 legato
596 3760 708 3825 datum
727 3760 834 3839 fuerit,
861 3760 971 3828 ualere
991 3758 1136 3825 uoluisse
1159 3784 1255 3847 prae-

107 3868 181 3931 sumi
201 3866 339 3942 debeat,
361 3863 421 3930 sed
441 3862 552 3948 potins
573 3861 648 3946 plus
670 3861 813 3946 legando
837 3873 870 3927 et
891 3860 1172 3927 confirmasse
1202 3863 1254 3927 ui-

106 3967 211 4034 deatur
239 3968 329 4054 prius
360 3965 505 4051 legatum
525 3975 558 4029 et
578 3963 821 4040 adauxisse,
852 3962 929 4027 dum
949 3985 1039 4028 mera
1060 3962 1254 4049 repetitione

104 4068 177 4133 nibil
198 4070 330 4154 egisset,
351 4077 383 4131 et
403 4065 514 4133 omnia
532 4065 578 4131 ita
598 4065 870 4150 permansissent,
893 4064 983 4129 uelut
1003 4063 1115 4149 primis
1137 4063 1255 4129 tabulis

104 4172 271 4236 constituta
298 4169 435 4235 fueraut.
487 4167 603 4251 Neque
634 4165 698 4231 hoc
730 4166 923 4232 contradicit
952 4166 994 4231 L.
1015 4166 1065 4231 53.
1097 4187 1146 4250 pr.
1168 4164 1254 4241 eod,

106 4294 182 4356 quae
203 4272 311 4337 statim
331 4270 416 4335 inira
436 4268 658 4347 exhibebitur,
693 4288 808 4352 quum,
832 4268 859 4331 si
880 4266 958 4333 utile
976 4264 1072 4332 luerit
1094 4265 1184 4352 prins
1205 4265 1267 4332 lc·-
