3067 5117
382 573 434 630 tus
458 564 627 644 retinebit,
656 587 753 651 quam
794 565 944 653 impubes
986 564 1129 652 aceepit,
1157 566 1214 651 qui
1252 566 1451 632 substitutum
1520 627 1521 654 Ξ

380 665 531 731 habuit.“

405 766 463 831 III.
504 768 594 835 Fieri
621 768 744 855 possit,
771 778 807 831 ut
836 767 932 833 ambo
960 767 1078 856 pnpilli
1106 768 1202 834 simul
1227 776 1452 855 postmortem

302 866 401 952 patris
423 869 612 935 moriantur.
654 869 755 953 Quod
777 892 877 955 quum
897 870 978 936 nihil
997 869 1151 949 attineat,
1169 872 1198 935 si
1219 894 1262 935 ex
1281 869 1386 955 prima
1403 864 1451 929 uel

302 968 403 1035 alteru
423 970 562 1035 formula
581 970 678 1035 iuerit
695 970 914 1048 substitutum,
938 971 1004 1037 diei
1026 982 1135 1037 tamen
1159 972 1285 1058 possit,
1315 970 1342 1035 si
1364 967 1452 1033 tertia
1520 1011 1521 1018 κ

295 1069 399 1135 'luerit
436 1071 597 1149 adhibita,
644 1072 906 1139 substitutionem
942 1072 1123 1160 exstingui,
1157 1096 1257 1159 quum
1289 1090 1452 1156 supremus

302 1182 416 1237 neuter
434 1183 580 1239 mortuus
604 1197 676 1240 esse
697 1173 855 1240 uideatur.
905 1173 1010 1240 Aliter
1030 1185 1139 1241 tamen
1160 1185 1313 1240 statutum
1341 1182 1391 1241 est
1415 1170 1453 1235 L.

302 1274 352 1339 34.
374 1296 424 1361 pr.
447 1274 488 1341 de
506 1276 597 1362 uulg.
619 1286 651 1342 et
673 1298 771 1363 pup.:
1520 1279 1521 1292 ,

384 1378 467 1455 „Ex
495 1377 622 1443 duobus
649 1375 873 1463 impuberibus
904 1376 956 1454 ei,
988 1378 1044 1462 qui
1071 1400 1243 1465 supremus
1269 1384 1455 1448 moreretur,
1520 1449 1521 1452 Ἴ

382 1477 537 1545 heredem
559 1478 733 1544 substituit.
774 1478 812 1545 Si
834 1477 930 1543 simul
958 1490 1179 1557 morerentur,
1211 1477 1339 1563 utrique
1366 1476 1455 1540 here·

384 1579 459 1644 dem
479 1602 552 1645 esse
568 1580 756 1666 respondit,
782 1601 881 1664 quum
902 1600 1071 1665 supremus
1092 1602 1161 1645 non
1182 1580 1211 1646 is
1233 1580 1384 1655 demum,
1406 1576 1455 1661 qui

384 1692 460 1767 post
496 1681 654 1765 aliquem,
689 1681 748 1747 sed
779 1680 893 1758 etiam,
920 1692 996 1767 post
1023 1702 1121 1767 quem
1148 1703 1250 1748 nemo·
1274 1680 1334 1758 sit,
1366 1677 1456 1743 intel·

382 1782 608 1868 ligatur.“⁸²)
1520 1863 1521 1872 ἵ

411 1882 697 1965 Quemadmodum
728 1906 809 1950 uero
842 1883 906 1949 hoe
939 1905 1018 1949 casu
1036 1882 1148 1969 legata
1166 1882 1232 1947 sint
1251 1882 1455 1971 praestanda,
1520 1891 1521 1934 3

307 1983 442 2070 planum
464 1994 523 2049 est.
559 1985 670 2068 Quum
689 1984 777 2051 enim
796 1995 934 2070 uterque
952 1984 1097 2070 pupillus
1117 2006 1291 2071 supremus
1309 1984 1353 2050 sit
1373 2006 1456 2049 mor·
1520 2063 1521 2070 ἵ

306 2099 401 2164 tuus,
425 2085 609 2151 substitutio
631 2108 672 2151 ex
694 2086 800 2172 prima
819 2084 959 2151 formula
978 2084 1063 2150 faeta
1084 2083 1214 2149 uidetur
1235 2107 1326 2151 esse:
1355 2106 1456 2171 neque
1520 2155 1521 2158 Ἴ

307 2188 400 2255 aliter
419 2208 488 2253 rem
511 2208 583 2251 sese
604 2185 725 2252 habere
748 2198 847 2273 puto,
880 2187 908 2251 si
942 2186 1149 2251 substitutum
1168 2186 1265 2252 fuerit
1282 2186 1345 2253 ita:
1387 2185 1458 2265 „Si

308 2288 430 2353 ambo
461 2286 616 2351 mortui
652 2287 784 2365 sint,“
818 2311 884 2373 quo
920 2309 999 2353 casu
1019 2298 1101 2353 teste
1120 2288 1162 2353 L.
1180 2290 1233 2357 42
1256 2287 1298 2353 de
1319 2288 1411 2375 uulg.
1432 2298 1460 2351 et

307 2413 386 2476 pup.
409 2388 516 2467 „duae
536 2386 731 2454 hereditates
752 2388 925 2454 substituto
961 2387 1192 2466 deferuntur,“
1212 2388 1248 2453 id
1270 2389 1362 2474 quod
1398 2411 1460 2453 non
1520 2405 1521 2434 1

306 2492 352 2555 ita
372 2487 621 2576 intelligendum
643 2500 713 2569 est,
748 2489 842 2576 quasi
863 2510 1000 2576 prorsus
1022 2488 1173 2556 diuersas
1194 2489 1279 2556 duae
1298 2488 1459 2558 heredita·
1520 2543 1521 2546 ,

307 2602 355 2659 tes
377 2591 419 2657 ad
439 2590 645 2656 substitutum
677 2590 888 2677 perueniant,
919 2611 1055 2674 quarum
1085 2590 1260 2676 separatim
1289 2590 1374 2655 ratio
1405 2590 1460 2655 ha·
1520 2593 1521 2616 ³

306 2692 416 2759 benda
436 2692 494 2757 sit:
528 2690 587 2755 sed
609 2690 691 2757 haee
721 2692 825 2759 uerba
852 2691 963 2779 potius
995 2690 1197 2777 exprimunt,
1230 2714 1298 2757 non
1333 2692 1460 2780 plenam

306 2794 475 2879 utriusque
494 2792 654 2880 portionis
672 2793 898 2859 confusionem
918 2793 991 2857 fieri
1010 2792 1152 2858 deberet
1194 2802 1339 2859 ceterum
1359 2804 1461 2859 autem
1520 2799 1521 2840 ἶ

309 2895 442 2962 omnino
465 2917 507 2959 ex
527 2894 651 2980 primae
672 2894 832 2961 formulae
855 2893 1008 2979 analogia
1033 2891 1338 2959 considerabuntur.
1359 2894 1461 2960 Deni·
1520 2975 1521 2984 ἵ

307 3020 387 3082 que,
419 2996 448 3059 si
468 2994 585 3083 pupilli
607 2995 748 3062 inuicem
769 2996 833 3062 sibi
852 2994 1016 3062 substituti
1034 2992 1154 3060 fuerint
1173 3016 1211 3059 ae
1231 2993 1330 3059 simul
1350 3006 1462 3082 postea
1520 2987 1521 2992 ¹

307 3096 524 3174 decesserint,
558 3096 833 3183 quamadmodum
860 3097 997 3163 alterum
1016 3094 1110 3161 alteri
1130 3094 1171 3161 ab
1193 3095 1346 3161 intestato
1368 3096 1461 3162 here·
1520 3129 1521 3152 ;

309 3199 384 3265 dem
404 3197 566 3265 exstitisse
588 3199 653 3265 diei
675 3199 806 3285 nequit,
837 3198 882 3263 ita
914 3197 1011 3263 etiam
1043 3194 1281 3262 substitutionis
1300 3196 1461 3263 conditio·

307 3323 383 3365 nem
405 3300 439 3363 in
460 3310 598 3385 utroque
620 3299 779 3367 deiecisse
802 3299 957 3365 disemus.
996 3300 1110 3383 Itaque
1130 3297 1251 3383 legata
1271 3321 1291 3363 a
1319 3298 1462 3384 pupillis,

307 3412 342 3467 ut
378 3400 520 3465 inuicem
553 3399 743 3478 substitutis,
778 3400 915 3465 forsitan
935 3398 1049 3465 relicta
1081 3397 1131 3477 ad,
1154 3397 1279 3462 irritum
1305 3399 1463 3476 recidunt,
1520 3467 1521 3474 χ

308 3501 497 3565 substitutus
525 3522 604 3565 uero
633 3511 805 3567 extraneus
835 3500 945 3587 legata
979 3498 1086 3565 soluet
1118 3520 1180 3584 pro
1210 3501 1336 3586 regulis
1370 3524 1464 3587 supra
1520 3561 1521 3564 ,

309 3601 467 3687 expositis
489 3611 521 3666 et
539 3600 569 3665 ei
590 3602 765 3687 praecipue
787 3602 913 3689 pupillo
935 3604 1031 3668 heres
1053 3599 1216 3665 exstitisse
1236 3599 1351 3685 utique
1372 3609 1462 3685 puta·

307 3703 413 3780 bitur,
442 3702 495 3768 eui
527 3702 556 3767 si
587 3694 680 3769 heres
703 3704 898 3783 exstitisset,
930 3700 1095 3790 legatariis
1126 3701 1248 3786 optime
1280 3701 1461 3767 consultum

306 3804 431 3871 luisset.

308 3991 508 4001 ...α-...μ

344 4106 390 4178 82)
408 4110 471 4161 Pari
488 4112 571 4161 modo
587 4110 645 4161 fieri
662 4112 765 4177 possit,
784 4121 815 4164 ut
834 4114 860 4164 ei
963 4110 1058 4176 „aient
1085 4117 1113 4161 et
1133 4106 1302 4162 econtrario
1320 4108 1460 4175 proximus

306 4202 496 4267 substituatur,
552 4204 632 4268 „qui
677 4206 857 4270 proximus
961 4218 1019 4254 non
1039 4204 1131 4253 solum
1147 4204 1180 4267 is,
1200 4203 1247 4268 qui
1263 4202 1460 4269 anteeliquem,

303 4295 504 4345 moriatur.“
558 4298 620 4346 Hue
651 4299 786 4361 quadrant
813 4313 856 4349 se·
962 4296 1113 4345 sedetiam
1135 4296 1175 4358 is,
1199 4301 1365 4359 antequem
1382 4307 1459 4345 nemo

303 4388 414 4453 quentia
431 4388 500 4451 legis
520 4387 616 4439 citatae
637 4390 738 4439 uerba:
961 4390 1007 4452 sit,
1025 4386 1191 4452 intelligitur.
1198 4386 1215 4413 ‘⁸
