3067 5117
192 422 199 438 ¹
294 396 336 467 22

387 550 477 617 illum
500 546 730 626 uindicauero,
768 545 970 615 Cnssrvs
990 546 1240 615 contundendos
1261 568 1335 615 esse
1354 557 1462 635 partes

383 652 555 729 existimat,
575 650 821 719 Puoovuvs
841 659 972 715 contro:
996 650 1032 715 in
1044 673 1109 736 quo
1128 650 1239 737 specie
1260 660 1293 715 et
1312 650 1462 717 lumn-

383 773 407 819 u
419 772 469 821 vs
487 754 643 820 Psouv
654 770 708 818 uo
726 750 879 819 assensit:
903 751 1466 839 quamsententiumprobnbiiiorem

381 865 566 945 esse'puto.
607 854 676 924 Sed
695 866 727 920 et
746 854 894 921 Drvvs
914 856 1183 921 Auuousuvs
1217 853 1381 919 iudicasse
1415 854 1463 918 di-

382 956 475 1034 eitur,
498 958 755 1031 commiscendos
769 959 822 1043 ²¹)
842 978 916 1023 esse
936 967 1090 1043 utrosque
1111 965 1219 1042 portes
1240 956 1275 1021 in
1297 965 1464 1043 eomputa-

383 1058 472 1125 tione
492 1058 577 1147 legis
598 1058 800 1125 Falcidiaer‘

378 1158 1338 1229 VbirectissimeHvsuuxsvuduhitationisilliuscaussam
1346 1159 1467 1226 uidisse

310 1263 469 1343 arbitror,
491 1263 670 1341 dicentem,
701 1260 934 1328 Osss1vntius
955 1260 1079 1327 caduce
1097 1259 1288 1327 uindicandi
1315 1284 1384 1327 non
1411 1261 1468 1325 ho-

306 1365 417 1431 buisse
439 1364 532 1450 quasi
553 1363 603 1429 ius
626 1363 834 1429 accrescendi
853 1364 929 1450 lege
950 1361 1245 1449 circumscriptum,
1263 1360 1322 1427 sed
1344 1361 1468 1427 iterem

306 1465 521 1543 diiudicatae,
563 1466 656 1551 qussi
675 1465 776 1552 putris
803 1475 927 1531 tuntum
954 1464 1178 1531 uuoluntotem
1205 1462 1251 1528 ito
1282 1462 1339 1528 lex
1366 1462 1469 1549 Papia

306 1569 465 1656 Poppaea
518 1567 613 1633 buerit
655 1566 879 1653 interpretato,
935 1577 972 1631 ut
1019 1564 1215 1633 coheredem
1260 1574 1388 1651 petrem
1425 1565 1466 1628 si-

306 1669 374 1735 mul
385 1669 419 1735 iu
431 1669 616 1757 portionem
624 1668 780 1735 caducum
790 1678 925 1736 testator
934 1668 1113 1735 instituisse
1129 1666 1284 1732 uisussit.
1307 1666 1387 1734 Vol.
1397 1666 1467 1734 VH.

412 1872 470 1956 11.)
491 1874 605 1959 Itaque
626 1881 803 1959 postquem
824 1881 857 1938 et
878 1872 913 1936 iu
933 1872 1004 1937 iure
1038 1872 1246 1938 accrescendi
1276 1882 1308 1937 et
1344 1871 1466 1937 caduca

310 1974 499 2042 uindicandi
527 1972 725 2061 separandos
760 1973 862 2040 fuisse
893 1973 1061 2060 portiones
1091 1972 1255 2051 uidimus,
1293 1973 1466 2059 quaesitu,

311 2100 390 2145 num
413 2076 506 2145 aliter
525 2098 579 2143 res
602 2096 674 2142 sese
696 2074 847 2141 habuerit
865 2075 900 2139 in
921 2074 1151 2141 substitutione
1172 2075 1312 2163 uulgari.

414 2180 490 2245 Huc
519 2177 660 2267 pertinet
682 2178 725 2242 L.
747 2178 776 2243 1.
798 2178 829 2261 S.
853 2178 912 2256 13„
938 2178 980 2243 L.
1008 2177 1060 2245 87.
1088 2178 1162 2263 §.h
1192 2177 1234 2243 od
1253 2178 1338 2263 Lug.
1363 2175 1469 2242 Folo:

393 2277 453 2356 „Id
474 2279 564 2364 quod
584 2300 625 2343 ex
647 2278 877 2345 substitutione
897 2277 1070 2345 coheredis
1099 2278 1141 2345 sd
1171 2278 1369 2345 coheredem
1397 2299 1468 2365 per-

390 2379 495 2458 uenit,
516 2378 647 2467 profluit
672 2379 855 2467 legatoriis:
891 2380 919 2445 is
954 2381 1042 2445 enim
1079 2379 1195 2446 similis
1228 2391 1277 2447 est
1303 2379 1401 2447 heres
1431 2403 1470 2445 ex

391 2490 484 2569 perte
505 2502 588 2570 pure
609 2504 650 2549 ex
671 2492 764 2569 perte
787 2482 848 2548 sub
869 2482 1058 2550 conditione
1078 2481 1191 2548 heredi
1203 2482 1362 2547 instituto.
1404 2480 1469 2550 Sed

392 2604 454 2661 ee,
483 2602 567 2669 queo
601 2583 642 2650 sh
674 2606 714 2651 eo
735 2583 845 2671 legate
870 2595 965 2662 sunt,
997 2584 1027 2649 si
1066 2584 1213 2651 omiserit
1247 2583 1468 2659 hereditatem,

391 2706 460 2750 non
480 2685 705 2772 augebuntur,
732 2684 856 2752 scilicet
884 2686 912 2752 si
934 2686 975 2753 ob
995 2708 1036 2753 eo
1057 2687 1249 2753 nominatim
1279 2686 1357 2753 doto
1387 2695 1468 2761 sunt,

394 2806 480 2851 nou:
501 2786 649 2873 quisquis
668 2786 748 2853 mihi
766 2787 863 2855 heres
882 2789 975 2855 erit.“

463 2888 555 2971 „Qui
575 2888 679 2955 tilium
702 2912 798 2955 suum
818 2889 1021 2977 impuberem
1042 2899 1074 2956 et
1095 2889 1218 2955 Titium
1242 2888 1354 2975 aequis
1372 2888 1469 2976 perti-

391 2990 452 3057 bus
472 2988 611 3057 herodes
632 2991 832 3069 institueret,
855 3016 875 3057 s
894 2991 963 3058 titio
986 2999 1090 3056 totum
1110 2991 1279 3057 semissem
1293 2990 1468 3078 legemem,

391 3119 411 3160 s
430 3092 519 3159 Titio
542 3092 644 3173 nihil,
667 3105 698 3161 et
722 3093 845 3160 Titium
857 3094 927 3159 filio
945 3092 1162 3159 substituerat.
1204 3094 1401 3176 Quaesitum
1413 3103 1469 3170 est,

393 3219 468 3265 eum
490 3194 598 3261 Titius
621 3218 663 3261 ex
681 3194 884 3263 institutione
908 3194 1031 3262 adisset
1049 3204 1081 3261 et
1102 3193 1272 3280 impubere
1292 3196 1362 3263 filio
1383 3219 1467 3263 mor-

394 3310 450 3367 tuo
476 3322 518 3365 ex
540 3296 770 3365 substitutione
789 3295 886 3365 heres
907 3296 1100 3375 exstitisset,
1120 3298 1469 3385 qunnmmlegotorum

392 3400 526 3467 nomine
567 3409 732 3484 proestare
764 3398 917 3465 deberet:
968 3409 1001 3464 et
1034 3398 1171 3486 plocuit,
1217 3400 1325 3466 solido
1364 3400 1470 3487 legato

394 3525 469 3569 euru
504 3510 669 3587 proestare
702 3498 842 3576 dehere;
873 3523 949 3566 usur
980 3498 1108 3566 eoniusi
1141 3500 1208 3567 duo
1237 3501 1391 3569 semisses
1424 3500 1468 3567 ei-

396 3605 555 3683 flcerent,
607 3612 643 3668 ut
693 3602 780 3669 circs
825 3602 934 3690 legem
982 3600 1164 3669 Falcidium
1224 3604 1324 3671 toh‘ue
1389 3603 1468 3671 assis

327 3794 529 3813 Μ

348 3912 384 3979 ¹¹)
401 3916 570 3967 Hvsoruuvs
594 3908 660 3964 Vol.
679 3912 743 3965 vn.
761 3928 788 3978 p.
801 3910 864 3965 200.
915 3910 1065 3964 Auuouuu
1083 3912 1263 3979 sententium,
1292 3912 1385 3981 itaque
1416 3928 1469 3964 non

309 4009 376 4072 legit
398 4023 492 4073 „uon
527 4002 758 4056 miscende·s.“
799 4006 865 4056 Per·
915 4005 1112 4056 constitutions
1136 4003 1211 4057 iliius
1232 4005 1361 4071 principis
1379 4004 1467 4071 prodi·

311 4111 420 4165 peram,
439 4111 481 4150 me
506 4097 603 4149 indice.
640 4096 709 4148 Nom
725 4096 786 4161 ipse
803 4113 864 4161 per·
916 4103 971 4148 tem
995 4096 1095 4158 fuisse,
1121 4096 1187 4148 inde
1213 4094 1366 4162 colligitur,
1396 4096 1468 4162 qnod

310 4193 393 4243 ticute
410 4190 515 4257 „sed“
532 4192 685 4242 luculenter
695 4190 805 4255 iudicet,
816 4192 863 4242 ob·
915 4188 1048 4240 Pmnvs
1074 4190 1133 4254 ipse
1158 4191 1258 4242 hmem
1277 4196 1383 4242 tentum
1413 4203 1465 4239 me·

264 4282 266 4287 ’
308 4290 466 4338 uersantem
491 4284 609 4351 aliquem
636 4283 794 4348 opinionem
823 4283 862 4334 et·
912 4288 1016 4344 moret,
1053 4294 1143 4346 neque
1180 4297 1242 4334 eom
1269 4289 1385 4347 certem,
1418 4282 1465 4332 scd

310 4378 381 4432 ferri.
437 4376 533 4443 Neque
570 4390 637 4427 uero
666 4375 721 4427 uim
756 4375 861 4440 cepisse
912 4385 982 4439 quse
1000 4374 1211 4426 circumferetur.
