3067 5117
382 951 408 1008 2.
433 961 471 1010 DE
488 959 542 1010 VSV
560 959 690 1010 nements
707 955 941 1008 reomensem.

186 1123 345 1206 Quisnam
366 1125 463 1189 luerit
484 1147 563 1188 usus
586 1124 721 1189 aetionis
744 1121 996 1209 prohibitoriae,
1019 1116 1151 1204 egregie
1172 1116 1237 1182 iam

91 1225 284 1292 nicanum
324 1250 356 1314 p.
385 1229 455 1295 266.
477 1227 638 1314 exposuit.
688 1225 755 1307 Qui
785 1247 885 1308 quum
914 1219 1094 1285 rectissime
1115 1219 1235 1292 omnia,

91 1348 164 1408 quae
186 1326 380 1411 generaliter
402 1328 443 1392 de
465 1327 525 1393 hae
551 1329 678 1392 actione
699 1323 894 1411 (imputauit,
922 1321 1102 1390 illustrasse
1122 1321 1236 1386 uidea-

87 1434 139 1501 tur,
156 1426 220 1502 nix‚
242 1426 330 1511 quod
354 1426 521 1506 addamus,
545 1429 759 1498 inueniemus.

185 1528 390 1594 chflnnms
421 1527 535 1613 igitur,
572 1540 744 1614 postquam
778 1548 840 1592 nec
868 1548 942 1590 cum
975 1525 1051 1590 furti
1082 1524 1237 1610 prohibiti

94 1627 225 1704 actione,
263 1650 325 1693 nec
355 1650 428 1694 cum
455 1629 634 1694 interdictis
662 1627 884 1714 prohibitoriis
905 1625 973 1690 ullo
994 1627 1094 1691 modo
1117 1626 1237 1693 cobae-

91 1751 154 1792 rere
179 1727 262 1793 hane
296 1729 457 1794 actionem
493 1730 622 1806 (locuit,
661 1751 767 1813 neque
801 1726 898 1792 etiam
932 1727 982 1790 ius
1017 1727 1126 1812 operis
1158 1726 1237 1792 noui

90 1828 287 1893 nuntiationis
312 1853 351 1895 ea
381 1831 517 1896 stabiliri
545 1831 659 1906 euicit,
691 1830 776 1895 hanc
805 1825 1052 1914 prohibitoriam
1076 1828 1238 1900 actionem

92 1927 125 1991 de
151 1931 377 1996 contmuersiis
402 1956 509 1998 rerum
536 1931 793 2017 incorporalium
813 1928 976 2015 proditam
997 1951 1071 1994 esse
1092 1951 1134 1994 ex
1156 1928 1235 2014 ipsis

90 2028 264 2096 Samiam
285 2033 412 2098 uerbis:

176 2131 234 2221 »Ὁ
266 2146 430 2232 liaciano
472 2145 527 2208 καὶ
563 2147 632 2216 τοῖς
665 2137 755 2206 deal
762 2163 879 2225 ματα
913 2135 1089 2206 indixerint
1115 2139 1237 2206 δίδωσι

175 2241 302 2318 τύπους
328 2245 424 2319 τινὰς
452 2295 497 2318 .,.
524 2245 807 2329 concedesne
835 2240 882 2306 δὲ
908 2247 979 2308 καὶ
1004 2238 1140 2307 ἄλλον
1164 2242 1235 2307 τύ-

174 2367 257 2412 πον
280 2345 670 2433 προνιβιτόριον(

86 2434 184 2500 merito
207 2447 347 2504 statuere
371 2440 485 2524 potuit.

180 2537 403 2606 Prohibitoria
422 2541 531 2626 itaque
561 2541 595 2604 in
627 2563 696 2606 rem
718 2539 802 2605 actio
833 2547 892 2602 est.
942 2535 1135 2618 Quaeritur,
1166 2535 1237 2601 cui·
1299 2549 1309 2564 ·

19 2627 21 2660 '
89 2656 153 2700 nam
174 2650 346 2724 competat.

178 2741 227 2804 Ac
247 2740 343 2807 facile
367 2743 565 2827 quisdicat,
594 2743 698 2808 cuiuis
719 2751 923 2826 competere,
955 2738 1011 2823 qui
1031 2749 1165 2823 propter
1184 2736 1236 2800 ul-

89 2837 147 2904 lum
173 2841 222 2906 ius
255 2842 290 2906 in
322 2865 376 2920 re,
424 2845 513 2928 quod
539 2843 675 2920 habeat,
719 2842 786 2928 pati
822 2864 890 2906 non
920 2848 1084 2913 teneatur,
1140 2837 1238 2902 etiam

91 2939 160 3004 alios
178 2941 240 3007 hoe
263 2943 314 3008 ius
336 2966 499 3010 exercere.
548 2944 615 3011 Sed
649 2944 738 3029 qnod
760 2943 825 3007 iam
846 2964 946 3026 supra
969 2939 1011 3004 de
1031 2940 1237 3005 Vanrnnnn

91 3042 235 3106 sententia
255 3045 440 3108 notauimus
462 3045 519 3129 [of.
535 3046 633 3130 §.5.)‚
657 3045 712 3131 qui
733 3043 936 3128 negatoriam
956 3039 1119 3110 interdum
1141 3037 1238 3102 etiam

92 3163 133 3204 ex
152 3144 320 3221 seruitute,
363 3169 431 3210 non
455 3147 502 3211 de
525 3148 679 3212 seruitute
712 3157 898 3231 competere
920 3150 1152 3229 proposuerat,
1173 3138 1237 3203 boc

92 3241 154 3308 loco
174 3256 223 3310 est
244 3246 467 3331 repetendum.
491 3247 623 3316 Falsam
646 3248 733 3314 enim
755 3246 810 3311 uel
832 3245 916 3310 hanc
933 3255 1011 3329 puto
1035 3263 1108 3306 esse
1128 3239 1236 3304 inten-

92 3343 216 3412 tionem:

225 3469 256 3514 sl
287 3497 295 3514 .
326 3453 1198 3526 Panarswsmfflhnssn.PROfl1n1e1tD1.N¹¹¹
1228 3488 1236 3505 .

225 3567 272 3616 Nm
297 3597 304 3614 ·
327 3568 503 3616 OOMPASGI
526 3597 533 3614 ·
555 3569 592 3616 IN
615 3595 622 3612 ·
645 3567 741 3614 AGRO
764 3597 772 3612 .
796 3566 991 3615 ΟΑΡΕΝΑΤΕ.

92 3644 115 3709 si
134 3671 190 3735 ego
209 3651 372 3716 seruitutis
391 3651 523 3716 nomine
544 3650 634 3715 solus
654 3650 704 3714 ius
723 3649 861 3717 habeam
877 3647 1044 3735 pascendi.
1086 3647 1236 3730 Namque

92 3745 159 3814 baec
179 3751 278 3837 ipsius
303 3753 439 3818 actionis
460 3751 692 3827 confessoriam,
715 3750 881 3835 quodiam
895 3772 992 3834 supra
1008 3746 1236 3820 iudicauimus,

94 3846 208 3917 indoles
238 3863 305 3930 est,
338 3853 426 3938 quod
457 3851 652 3938 generaliter
680 3875 739 3937 per
768 3875 841 3916 eam
864 3850 1054 3916 seruitutem
1081 3859 1236 3922 nostram,

99 3951 320 4039 qualiscunque
342 3963 409 4030 est,
437 3953 660 4028 uindicamus,
690 3952 800 4037 itaque
826 3951 898 4016 siue
924 3949 1076 4026 omnino,
1104 3949 1174 4012 siue
1198 3971 1237 4012 ex

95 4064 175 4132 parte
204 4055 237 4118 in
260 4054 443 4119 exercenda
465 4055 521 4118 illa
542 4053 775 4139 impediamur,
806 4053 1005 4119 confessoris
1025 4063 1138 4117 eontra
1163 4050 1237 4115 uin-

97 4149 239 4221 dicantem
268 4153 458 4233 debebimus
486 4177 601 4240 agere:
640 4178 715 4220 nam
749 4157 856 4241 ipsum
887 4156 937 4218 ius
973 4164 1120 4218 nostrum
1155 4151 1236 4216 alios

96 4252 271 4332 prohibendi
306 4278 373 4320 non
405 4256 494 4342 prius
525 4255 703 4332 constabit,
736 4257 892 4341 quamsi
918 4278 978 4340 per
1004 4252 1236 4319 confessoriam

19 4425 20 4444 χ
101 4355 268 4422 seruitutem
294 4381 356 4422 nos
388 4357 509 4423 habere
540 4356 805 4443 probauerimus:
848 4355 937 4440 quod
966 4354 1158 4439 simulatque
1187 4352 1236 4416 fa-

976 4453 1034 4518 11*
