3067 5117
138 552 314 639 imponere
345 576 446 641 posse
464 564 714 641 proponeretur,
732 553 797 623 huo
818 552 979 624 redhibita
993 555 1108 623 eadem
1118 554 1301 623 Xll.tuhu·

137 655 249 727 lurum
269 670 376 745 parte:

516 762 593 842 „uti
614 760 655 827 de
677 783 756 827 suo
779 761 945 847 legassit.“
999 794 1004 800 ·

248 865 293 929 Et
314 886 392 931 uere
412 874 581 952 utramque
600 863 686 930 hano
708 862 796 930 uiam
823 864 937 931 initam
958 863 1060 930 luisse
1087 887 1108 929 a
1134 864 1299 931 ueteribus

139 965 325 1032 luculenter
353 978 488 1055 apparet
515 991 556 1035 ex
586 988 703 1034 caussa
724 964 865 1053 quedem
885 966 1066 1033 clarissima
1089 964 1130 1031 ab
1158 965 1299 1053 antiquis

140 1068 356 1155 scriptoribus
379 1070 569 1158 saepissime
591 1079 771 1136 memorata
792 1067 833 1135 de
855 1068 972 1155 pupilli
993 1066 1089 1135 bonis
1107 1067 1299 1137 aduentioiis

139 1170 227 1236 inter
246 1170 454 1239 substitutum
474 1185 506 1239 et
526 1183 664 1259 agnatos
685 1168 803 1258 pupilli
824 1179 934 1256 gesta,
957 1170 1013 1236 ubi
1032 1168 1152 1258 prioris
1164 1171 1300 1237 rationis

140 1272 383 1354 Scmvomn,
405 1274 534 1341 alterius
548 1272 718 1341 Onussvur
737 1272 898 1339 exstitisse
917 1282 1197 1359 propugnatorem
1208 1296 1299 1339 com-

140 1373 298 1461 perimus.
313 1380 342 1459 ⁵)

182 1552 185 1559 ,
246 1476 416 1545 Posterior
437 1478 569 1547 tandem
592 1476 730 1545 obtinuit
742 1477 912 1555 sententia,
936 1475 1024 1543 illius
1043 1485 1080 1541 ut
1098 1476 1228 1543 uidetur
1247 1500 1301 1545 re·

139 1578 241 1665 gulae
261 1578 295 1645 ui
316 1580 492 1669 praecipue
513 1580 633 1659 adiuta,
652 1576 742 1665 quod
763 1602 860 1645 nemo
882 1603 943 1667 pro
958 1590 1050 1667 parte
1073 1587 1218 1658 testatus,
1238 1601 1299 1667 pro

140 1691 236 1766 parte
257 1680 426 1749 intestatus
445 1693 553 1770 potest
573 1680 744 1748 desedere.

248 1784 293 1849 Et
312 1783 375 1851 hoo
397 1795 462 1864 est,
482 1784 571 1871 quod
594 1782 783 1872 exprimitur
802 1786 843 1850 L.
863 1784 914 1853 87.
936 1786 968 1870 §-
989 1786 1020 1853 7.
1037 1781 1080 1849 ad
1097 1784 1183 1873 Leg.
1207 1784 1299 1851 Falo.

139 1883 314 1969 (XXXV,
332 1888 375 1969 2.)
399 1887 450 1953 his
470 1887 600 1955 uerbis:

225 1988 299 2067 „Ne
319 1988 394 2076 plus
411 1990 491 2057 iuris
513 1990 599 2059 eirea
620 2013 796 2080 personam
825 1989 988 2061 substituti
1009 1999 1143 2057 testator
1169 1989 1298 2069 habeat,

226 2113 324 2177 quum
342 2090 500 2161 habuerat
519 2091 554 2158 in
575 2115 633 2173 eo,
656 2094 709 2160 cui
731 2116 806 2159 eum
827 2090 1074 2170 substituebat,“
1133 2117 1135 2122 ·

141 2193 263 2281 quibus
285 2193 366 2259 nihil
397 2193 486 2261 aliud
513 2194 732 2282 significatur,
762 2192 826 2259 nisi
853 2204 978 2280 patrem
1003 2194 1157 2263 secundis
1184 2195 1301 2262 tabulis

139 2319 212 2363 non
233 2294 308 2384 plus
328 2295 445 2383 pupilli
467 2296 564 2365 bonis
582 2320 683 2385 posse
701 2295 882 2373 detrahere,
904 2318 1003 2383 quam
1016 2296 1131 2384 primis
1150 2296 1190 2365 iis
1203 2297 1297 2365 addi-

140 2398 245 2466 derit:
267 2396 367 2484 idque
389 2397 460 2464 aliis
481 2396 606 2466 duabus
627 2398 750 2487 regulis
774 2398 949 2485 separatim
968 2400 1174 2487 exprimitur:

185 2502 236 2578 1⁰,
257 2510 377 2587 pater
404 2498 451 2567 de
473 2524 547 2569 suo
566 2502 691 2589 legat.
713 2502 771 2587 (L.
793 2502 842 2569 11.
864 2501 940 2586 55.
963 2501 1004 2567 L.
1025 2502 1076 2571 79.
1098 2502 1140 2569 L.
1160 2502 1298 2586 87.§.5.

226 2603 269 2669 ad
289 2603 373 2689 Leg.
392 2602 499 2687 Folo.)

182 2709 237 2783 2⁰,
256 2728 276 2771 a
295 2703 527 2772 substituto
557 2704 823 2782 exheredati,
843 2703 927 2769 nisi
946 2703 1052 2771 idern
1068 2716 1106 2772 et
1126 2704 1298 2771 institu-

225 2816 292 2871 tus
314 2805 471 2886 luerit,
490 2809 546 2892 (L.
570 2810 618 2877 ll.
637 2810 668 2894 S.
690 2808 721 2875 8.
744 2806 837 2891 eod.)
859 2804 971 2871 nihil
990 2817 1139 2893 potest
1165 2817 1298 2875 testa-

226 2919 292 2975 tor
311 2908 466 2994 legare.
509 2910 564 2992 (L.
586 2912 636 2978 21.
660 2908 700 2977 C.
724 2910 765 2977 de
788 2911 903 2996 legat.)

247 3013 292 3077 Et
312 3010 362 3077 his
385 3010 542 3096 expositis
565 3011 593 3077 si
613 3012 685 3098 quis
707 3022 851 3098 quaerat,
872 3006 1002 3077 cuinam
1020 3009 1164 3098 denique
1185 3012 1298 3080 uidea-

141 3129 196 3183 tur
216 3113 311 3180 heres
332 3136 406 3184 esse
426 3112 552 3199 pupillo
577 3112 786 3192 substitutus,
813 3124 909 3179 autea
928 3113 1060 3199 quidem
1073 3114 1296 3200 praeualuisse

141 3218 290 3283 dicemus
311 3215 519 3294 sententiam,
540 3214 624 3302 patri
645 3235 717 3279 esse
739 3213 912 3294 heredem,
939 3214 974 3280 id
994 3214 1083 3300 quod
1105 3238 1145 3281 eo
1166 3239 1297 3301 quoque

141 3317 353 3406 intelligitur,
375 3317 465 3405 quod
488 3314 704 3405 antiquiorem
725 3318 963 3388 substitutionis
984 3318 1154 3404 pupillaris
1174 3321 1298 3387 lormu-

142 3512 344 3523 ---—-—...

182 3626 210 3691 ὅ)
229 3626 342 3679 Cranno
374 3625 408 3675 (le
431 3630 500 3677 orat.
530 3625 553 3675 1.
583 3621 609 3690 5.
634 3620 694 3675 1811.
744 3623 1112 3693 dubuntriprirnauerba:
1130 3626 1300 3690 ‚‚Quturm

142 3721 206 3776 212.
224 3734 282 3785 seq.
305 3720 343 3771 11.
362 3718 384 3782 5.
402 3718 446 3772 21.
467 3716 526 3769 1111.
551 3731 608 3781 req.
633 3711 694 3769 221.
744 3718 917 3783 pupillum
958 3721 1125 3772 heredem
1167 3719 1274 3783 feeit,

143 3830 212 3880 req,
229 3816 341 3866 Brutus.
358 3812 381 3875 5.
408 3810 467 3863 111.
493 3824 551 3874 seq.
584 3804 693 3873 5191.
745 3824 804 3860 non
829 3812 865 3860 art
888 3818 992 3875 patrem
1027 3813 1136 3878 pupilli,
1178 3812 1227 3861 red
1262 3813 1298 3861 ed

143 3923 212 3973 seq,
230 3906 344 3969 Topica.
361 3919 383 3954 e.
399 3904 432 3955 X.
451 3900 542 3969 5.11.,
563 3916 612 3967 pru
627 3900 695 3951 Cae·
745 3904 854 3954 tertium
872 3906 1010 3969 quendam
1027 3905 1160 3957 retuleris.

142 3999 205 4049 eina
222 3994 696 4060 xw11,5t.‚erss1rnsvrvn.
801 3998 868 4061 Ipso
889 3997 939 4048 illo
963 4004 1087 4062 tempore
1109 3999 1190 4051 etiam
1209 4002 1297 4052 decidi

143 4106 167 4143 o.
196 4088 221 4139 1.
253 4090 277 4151 5.
297 4087 336 4141 9..
373 4090 424 4139 His
454 4087 623 4141 conferenda
654 4091 698 4136 ert
746 4096 845 4153 coepte
863 4097 906 4141 est
922 4091 1057 4155 quaestio,
1073 4105 1111 4142 an
1130 4091 1160 4145 in
1172 4094 1298 4158 pupillari

139 4161 241 4233 mussa
265 4186 415 4233 memorate
438 4196 456 4231 a
484 4180 634 4233 Grounonu
662 4180 695 4228 de
745 4182 938 4233 substttutione
965 4182 1046 4247 terite
1073 4182 1139 4233 insit
1167 4186 1298 4248 uulgaris,

142 4272 302 4325 inuentione
321 4272 359 4328 11.
380 4269 406 4338 5.
424 4271 696 4339 ⁰2.req.ubiomnia
746 4288 836 4337 qnam,
865 4288 949 4338 quum
980 4290 1032 4325 nos
1052 4276 1141 4327 minus
1172 4278 1296 4342 attineat,

140 4364 281 4431 aptissime
304 4364 341 4415 ad
364 4370 488 4417 nostrum
513 4380 605 4416 essum
629 4379 695 4431 qua·
746 4365 830 4428 digito
851 4371 1020 4420 monstrasse
1040 4367 1145 4423 sufflat.
