3067 5117
526 1371 835 1449 PRAEFATIO.

204 1624 349 1744 (lainam
380 1675 416 1741 in
450 1674 632 1743 actiombus
661 1686 728 1742 tarn
749 1674 952 1743 confessoris
974 1699 1071 1763 quam
1091 1674 1261 1763 negatoria

111 1778 268 1845 incumbat
289 1800 372 1843 onus
393 1776 571 1864 probandi,
609 1777 674 1841 iam
708 1778 928 1863 glossatorum
955 1789 1059 1845 aetate
1079 1779 1260 1863 quaesitum

111 1880 202 1947 luisse
234 1879 360 1956 uideri,
392 1878 511 1943 deinde
546 1889 653 1943 autem
676 1903 697 1945 a
715 1879 795 1944 uiris
820 1880 924 1945 doctis
946 1902 1043 1964 quam
1065 1880 1203 1945 maxime
1226 1880 1260 1943 in

17 1989 18 2004 ¹
111 1980 236 2046 dubium
270 2002 343 2046 esse
376 1988 546 2055 uocatum,
586 2001 682 2043 nemo
716 2002 784 2044 non
817 1980 958 2059 uidebit,
1001 1981 1185 2067 quicunque
1219 1980 1261 2045 ad

18 2083 19 2086 ’
111 2079 185 2147 hano
206 2082 286 2147 iuris
305 2079 448 2146 Romani
466 2090 591 2165 partem
613 2080 714 2145 semel
736 2081 880 2148 animum
904 2082 1088 2148 aduertcrit.
1130 2082 1206 2164 Qua
1227 2081 1261 2145 in

18 2251 19 2260 χ
110 2204 140 2246 re
158 2205 257 2267 quum
292 2180 402 2247 omnia
430 2179 647 2265 undequaque
680 2182 757 2246 satis
782 2191 813 2247 et
830 2190 1025 2266 perpensata
1046 2183 1111 2247 sint
1133 2194 1165 2248 et
1179 2182 1260 2248 illu-

18 2269 19 2276 *
112 2293 216 2359 snam,
249 2281 398 2367 antiquas
431 2280 603 2367 opiniones
631 2280 960 2365 ratiocinationesque
983 2306 1071 2349 noua
1092 2305 1258 2349 commen·

111 2383 223 2449 tatione
243 2384 448 2462 resuscitare,
469 2406 589 2470 operae
610 2382 749 2469 pretium
767 2406 840 2449 esse
865 2406 933 2448 non
953 2384 1121 2461 uideatur,
1143 2384 1206 2450 nisi
1229 2396 1260 2450 et

112 2482 210 2569 minus
231 2483 337 2549 adhuc
358 2482 566 2550 considerata
584 2483 744 2570 quaedam
764 2484 874 2551 afferri
901 2484 1047 2570 possint,
1083 2485 1170 2551 unde
1203 2487 1260 2552 lux

112 2584 234 2651 accedat
256 2584 440 2671 quaestioni
459 2584 659 2670 propositae.

204 2704 236 2769 N
239 2726 276 2769 os
308 2704 435 2788 itaque,
471 2726 571 2790 quum
597 2704 684 2770 huno
715 2704 828 2769 libello
859 2713 971 2769 nostro
1004 2703 1131 2769 titulum
1162 2728 1259 2792 prae-

110 2798 284 2878 fixerimus,
316 2816 352 2869 ut
382 2804 593 2870 formularum
615 2805 650 2869 in
682 2806 816 2889 antiquo
838 2804 1033 2869 iudiciorum
1055 2806 1170 2871 ordine
1191 2808 1258 2872 usi·

111 2912 237 2967 tatarum
269 2904 396 2971 ratione
431 2904 542 2972 habita
574 2929 731 2971 summam
767 2904 992 2990 quaestionem
1024 2918 1169 2973 nostram
1190 2910 1258 2975 dis-

111 3001 229 3083 quirere
273 3025 484 3086 conaremur,
534 3006 630 3073 facile
673 3006 863 3093 apparebit,
904 2998 1059 3089 quidnam
1100 3008 1258 3095 imprimis

112 3103 304 3168 tractandum
337 3106 435 3172 nobis
479 3110 710 3194 putauerimus.
768 3108 855 3172 Tota
900 3106 986 3171 enim
1023 3106 1104 3174 haec
1145 3110 1259 3197 dispu-

19 3253 28 3266 .
111 3206 180 3271 tatio
220 3209 302 3272 duas
354 3208 388 3271 in
423 3221 532 3294 partes
564 3210 609 3274 ita
637 3208 861 3274 distribuenda
898 3230 970 3273 esse
1002 3209 1075 3275 uisa
1110 3224 1179 3289 est,
1224 3227 1259 3279 ut

111 3306 239 3388 primum
273 3308 424 3391 quidem,
458 3334 619 3395 quaenam
657 3310 728 3375 erui
759 3331 858 3395 posse
891 3308 1046 3373 credibile
1066 3310 1107 3375 sit
1129 3336 1169 3377 cx
1190 3313 1257 3379 for-

111 3407 260 3473 mularum
282 3408 458 3493 antiquitus
479 3412 638 3476 editarum
658 3427 783 3486 tenore,
806 3432 904 3493 quam
930 3432 1102 3496 possemus
1126 3437 1258 3481 accura-

111 3506 223 3574 tissime
245 3509 526 3596 expenderemus,
556 3510 675 3577 deinde
703 3532 782 3575 uero
814 3533 944 3577 omnem
963 3512 1047 3578 hanc
1068 3526 1258 3582 controuer-

111 3607 197 3687 siam,
232 3611 338 3695 qualis
371 3611 530 3677 hodierno
567 3612 665 3676 etiam
697 3610 751 3675 die
788 3622 909 3689 exstat,
952 3612 1044 3678 breui
1080 3632 1257 3703 conspectu

110 3710 385 3791 perlustraremus,
428 3712 462 3775 in
488 3710 647 3797 capitibus
676 3722 940 3796 argumentorum
967 3713 1117 3799 utrinque
1146 3720 1257 3803 prola-

21 3887 25 3900 Ι
110 3818 206 3875 torum
227 3812 424 3896 attingendis
446 3812 625 3897 paullisper
648 3811 780 3877 uersati.

203 3930 248 3993 At
267 3952 346 3994 uero
365 3952 464 4014 quum
475 3930 664 4015 diligentius
685 3930 719 3994 in
740 3930 895 3996 formulas
916 3932 1163 4017 inquireremus,
1187 3935 1257 4001 lieri

111 4048 170 4091 non
189 4031 303 4115 potuit,
325 4032 403 4115 quin
425 4030 479 4095 alii
499 4031 633 4095 strictim
653 4029 836 4115 quaestioni
855 4029 896 4095 de
919 4030 998 4115 ipsis
1021 4033 1157 4099 actionis
1176 4060 1256 4102 con-

110 4126 255 4196 lessoriae
275 4143 371 4214 atque
392 4133 580 4218 negatoriae
602 4131 788 4196 nominibus
811 4153 944 4215 operam
971 4131 1140 4213 daremus,
1169 4140 1255 4205 unde

111 4249 163 4311 per
185 4255 219 4296 se
248 4254 288 4297 eo
317 4232 576 4310 deducebamur,
602 4243 637 4296 ut
665 4231 854 4318 opinionem
878 4232 1030 4319 uulgatae
1060 4240 1255 4305 contrariam

112 4332 397 4416 comprobaremus.
449 4332 582 4397 Deinde
616 4342 723 4398 autem
756 4332 883 4398 tertiam
921 4354 1052 4418 quoque
1082 4330 1254 4402 formulam
