3067 5117
1258 336 1300 411 8¹

218 496 328 585 legem
350 494 532 564 Falcidiam
551 494 688 583 perinde
708 493 791 563 ratio
811 492 966 570 habetur,
989 512 1029 560 ac
1048 488 1077 559 si
1098 489 1183 577 patri
1203 489 1298 557 heres

217 598 407 665 exstitisset.
447 598 519 667 Nec
541 596 633 665 aliter
652 595 858 683 augebuntur
877 594 1005 681 legata,
1037 614 1121 678 quae
1148 593 1189 664 ab
1222 592 1297 681 ipso

215 700 302 767 ultra
321 700 515 770 dodrantem
537 700 612 767 data
628 697 772 775 tuerent,
803 720 901 782 quam
921 705 1099 783 augentur,
1129 717 1230 781 quum
1253 717 1296 760 ex

216 814 308 888 parte
329 802 424 871 heres
447 804 610 871 institutus
629 810 662 867 et
682 798 837 866 coheredi
855 820 916 864 suo
950 797 1140 864 substitutus
1168 797 1294 865 delibe-

215 915 308 969 rante
330 904 492 973 coherede
504 904 613 991 legata
632 901 742 969 habita
765 900 891 966 ratione
920 899 1006 985 legis
1027 898 1196 967 Falcidiae
1224 898 1293 965 sol-

214 1005 281 1083 uit,
304 1005 423 1073 deinde
444 1032 486 1075 ex
506 1004 734 1075 substitutione
758 1001 892 1071 alteram
919 1024 1051 1089 quoque
1081 1012 1207 1090 partem
1234 1001 1295 1070 he-

215 1106 363 1174 reditatis
386 1109 540 1195 acquirat.

242 1210 308 1275 Hic
327 1209 422 1277 locus
442 1209 540 1277 uariis
568 1230 697 1296 semper
727 1207 939 1295 interpretum
959 1208 1131 1279 conatibus
1157 1218 1293 1275 uexatm

133 1320 200 1388 est,
226 1334 366 1396 quorum
388 1310 678 1377 excellentissimos
700 1308 843 1375 breuiter
862 1309 1104 1401 illustrabimus.

243 1412 422 1481 cvnervs
450 1412 559 1499 itaque
581 1412 682 1479 Obss.
709 1412 791 1489 XV,
813 1413 862 1479 15.
890 1410 1055 1499 duplicem
1080 1412 1205 1499 profert
1240 1414 1292 1481 in-

134 1515 417 1601 terpretationem,
464 1538 547 1600 quae
584 1524 719 1601 utraque
749 1512 869 1582 multos
895 1514 1036 1592 inuenit,
1070 1515 1127 1602 qui
1154 1519 1293 1583 assenti-

133 1628 258 1682 rentur.
298 1615 446 1683 Primum
468 1616 554 1683 enim
583 1616 629 1683 ita
656 1616 766 1681 locum
792 1616 962 1683 restituere
995 1628 1131 1684 conatus
1162 1631 1227 1697 est,
1258 1630 1295 1685 ut

132 1740 253 1783 uocem
275 1726 356 1795 ‚‚et“
378 1718 413 1783 in
425 1718 586 1806 principio
598 1729 735 1785 mutaret
755 1717 791 1783 in
811 1725 936 1796 „nec“
950 1719 1015 1802 θ’),
1036 1717 1292 1808 undeparagra·

133 1818 192 1904 phi
209 1819 307 1885 huius
329 1820 563 1907 praescriptum
583 1843 657 1887 cum
678 1842 792 1887 casum
812 1830 979 1898 tractaret,
1002 1841 1100 1907 quem
1121 1842 1221 1907 supra
1240 1819 1292 1885 di-

134 1919 243 1985 ximus
271 1920 306 1983 in
327 1920 474 2006 Digestis
502 1944 568 1987 non
600 1920 796 1999 memorari,
829 1922 974 2000 scilicet,
1010 1923 1039 1988 si
1070 1923 1179 2009 portio
1208 1922 1294 1989 infra

136 2021 332 2089 dodrantem
358 2033 493 2089 onerata
514 2022 689 2091 exhaustae
709 2023 855 2110 portioni
874 2048 916 2091 ex
934 2024 1164 2091 substitutione
1183 2046 1294 2089 acces-

134 2124 224 2191 serit.
267 2125 376 2207 Quem
398 2146 530 2203 casum,
559 2148 659 2210 quum
682 2124 775 2191 aliter
795 2149 895 2212 supra
913 2124 1219 2203 diiudiot'merimus‚
1244 2137 1294 2192 at-

134 2249 199 2311 quc
218 2225 280 2291 hac
298 2226 373 2313 lege
395 2227 440 2294 itu
461 2238 606 2296 correcta
629 2226 766 2293 iudicari
794 2237 923 2311 posset,
951 2249 1019 2292 nou
1048 2250 1133 2313 opus
1161 2238 1227 2306 est,
1260 2238 1296 2293 nt

133 2352 193 2395 cur
213 2329 434 2415 improbemus
455 2328 539 2396 haue
559 2328 796 2404 coniecturam,
817 2327 965 2414 pluribus
986 2351 1200 2415 exponamus.

241 2428 386 2495 Alteram
408 2428 553 2497 Cvlncu
574 2430 874 2517 interpretationem
900 2428 1000 2495 Obss.
1027 2429 1108 2508 XV,
1136 2432 1185 2499 15.
1224 2454 1293 2498 om-
1333 2445 1335 2448 '

132 2530 252 2619 plexus
274 2542 323 2597 est
342 2532 638 2619 Purrnnoruvsp.
660 2533 730 2599 749.
753 2544 786 2608 et
805 2532 1059 2599 Proanramvs
1085 2553 1119 2618 p.
1139 2531 1209 2609 83..
1237 2533 1294 2619 qui

133 2634 233 2701 etiam
253 2632 315 2699 hac
336 2632 542 2722 paragrapho
567 2642 702 2721 propter
730 2632 926 2718 aequitatem
958 2633 1032 2700 tisri
1066 2634 1294 2720 exceptionem

133 2734 300 2821 quandam
321 2735 510 2823 proposuit,
532 2734 628 2802 auide
645 2734 849 2823 praeripiens
867 2732 1014 2802 Cvmcn
1035 2734 1136 2804 uerba
1157 2759 1291 2814 „neoc-

132 2847 243 2906 currat
261 2836 434 2922 iniquitas,
457 2860 541 2923 quae
563 2846 764 2913 occurreret,
787 2835 816 2902 si
838 2834 913 2923 plus
939 2847 994 2904 eut
1016 2836 1126 2903 minus
1147 2848 1290 2923 praestet

131 2939 186 3004 his
205 2938 261 3019 pel
281 2938 345 3003 illis
365 2938 542 3025 legatariis,
563 2960 661 3023 quam
681 2946 863 3023 oporteat.“
890 2937 974 3003 Aliis
995 2937 1037 3005 de
1061 2938 1187 3005 caussis
1207 2938 1294 3005 hano

134 3040 327 3129 opinionem
344 3040 436 3107 multi
451 3039 674 3109 defenderunt.
688 3040 741 3125 ²⁹)
772 3039 932 3125 Aequitas
947 3048 1056 3110 autem
1065 3039 1214 3107 illohaec
1226 3052 1293 3107 ests

134 3144 263 3229 Finges
285 3142 372 3213 enim
394 3140 529 3209 CCCC.
550 3140 722 3227 reliquisse
744 3153 941 3211 testatorem.
987 3142 1019 3207 A
1046 3141 1127 3207 Titii
1157 3142 1293 3209 semisse

134 3243 242 3313 000.
269 3244 379 3331 legata
408 3254 503 3321 sunt,
532 3266 552 3307 a
576 3241 694 3330 pupilli
725 3241 798 3309 00.
825 3241 1077 3313 contributione
1107 3265 1176 3309 non
1203 3243 1295 3309 -iacta

132 3348 304 3432 utriusque
324 3344 473 3433 legatarii
492 3342 659 3411 habebunt
680 3341 772 3421 CL„
793 3344 983 3411 substitutus
1005 3368 1048 3411 ex
1058 3356 1195 3431 unaque
1209 3368 1290 3433 por·

133 3450 305 3537 tionem:
326 3449 410 3513 iacta
430 3444 669 3513 contributione
688 3445 878 3512 substitutus
906 3470 948 3512 ex
976 3469 1049 3515 asse
1075 3446 1208 3514 habebit
1239 3445 1290 3525 0.,

134 3551 240 3639 ipsius
260 3549 409 3637 legatarii
431 3546 633 3627 cnm„
654 3547 772 3635 pupilli
801 3546 935 3626 CXX„
963 3548 1051 3617 unde
1079 3560 1166 3616 certe
1195 3548 1291 3615 diffe-

133 3652 242 3719 rentia
261 3651 396 3717 exsistit.

134 3861 337 3873 ..ι-ψ

176 4003 222 4075 2⁸)
241 4006 285 4059 lm
304 4002 465 4055 Cerviano
487 3999 510 4062 ξ.
536 3954 592 4067 ih,
618 4000 689 4054 Sur·
778 3998 825 4071 ²⁹)
859 4005 1102 4055 Barasroarmvs
1151 4019 1178 4068 p.
1224 4000 1294 4070 ibe,

135 4112 255 4152 rursm
283 4112 311 4163 p.
342 4093 403 4147 301.
435 4110 462 4147 a.
496 4090 554 4145 tt..
740 4097 929 4149 Rosmrvs
960 4112 987 4163 p.
1014 4095 1088 4161 hdo,
1121 4096 1293 4147 Brenvsnvs

741 4202 768 4253 p,
788 4187 849 4241 43..
