3067 5117
276 393 337 466 196

377 545 536 614 Videmus
574 546 703 632 itaque,
739 545 774 612 in
810 545 1005 632 probatione
1036 546 1271 624 intentionum,
1303 567 1432 631 quarum

273 646 517 712 fundamentum
542 645 721 712 dominium
745 669 817 712 esse
839 647 1079 724 constituimus,
1109 648 1282 724 sufficere,
1316 648 1431 732 siquis

275 748 349 814 loeo
376 770 411 814 se
441 769 513 814 esse
543 745 667 812 domini
690 747 831 831 probare
861 747 977 834 possit,
1003 749 1038 813 iu
1068 760 1119 814 est
1145 748 1304 834 probare,
1330 771 1364 812 se
1386 749 1431 811 ius

275 847 410 934 aliquod
432 871 473 914 ex
494 847 557 923 iis,
588 869 670 932 quae
699 847 947 933 descripsimus,
975 848 1096 913 habere
1128 849 1313 934 etquidem
1335 873 1355 913 a
1376 848 1432 911 do·

276 949 365 1014 mino
387 948 592 1024 translatum,
616 946 668 1012 uel
690 947 729 1012 ab
752 971 813 1024 eo,
838 949 894 1033 qui
915 949 1088 1014 transferre
1109 949 1229 1034 possit,
1258 950 1305 1014 ita
1324 961 1360 1014 ut
1379 974 1431 1013 us-

278 1071 341 1133 que
363 1047 404 1114 ad
424 1046 564 1134 primum
586 1058 750 1114 auctorem
770 1049 892 1114 recurri
913 1050 1026 1134 possit.
1069 1048 1121 1114 Cf.
1143 1051 1432 1135 Su1.L1vsp.3⁴.i;i..

277 1150 370 1216 Idem
391 1147 565 1214 dicendum
587 1161 636 1214 est
665 1149 706 1215 de
731 1172 791 1227 eo,
820 1150 874 1215 eui
901 1150 1145 1238 legitimationis
1169 1151 1301 1216 adrem
1322 1175 1434 1218 caussa

279 1249 416 1316 dominii
440 1249 590 1336 probatio
611 1250 779 1317 incumbit.

383 1352 428 1418 Et
457 1351 539 1417 haec
568 1351 699 1436 quidem
723 1375 889 1438 nunquam
918 1352 1108 1418 indubium
1129 1367 1247 1420 uocata
1265 1356 1367 1420 fuisse
1387 1356 1433 1419 ui·

280 1453 354 1518 deo.
394 1453 519 1518 Rursus
542 1464 648 1518 autem
667 1452 767 1538 longe
789 1453 921 1539 grauior
943 1454 1067 1520 exsistit
1090 1457 1255 1539 quaestio,
1279 1469 1434 1540 quatenus

279 1553 410 1620 tandem
437 1555 508 1640 ipse
538 1553 689 1620 dominus
718 1555 745 1620 si
775 1555 815 1619 ab
848 1577 887 1620 eo
918 1556 1068 1640 probatio
1099 1569 1214 1621 exacta
1240 1557 1355 1632 fuerit,
1388 1557 1434 1619 ius

280 1680 374 1722 suum
405 1654 521 1722 debeat
551 1653 708 1741 probare,
741 1679 806 1742 qua
832 1655 873 1722 de
897 1679 933 1723 re
961 1657 995 1721 iu
1019 1657 1224 1743 paragrapho
1254 1659 1434 1744 insequenti

281 1781 426 1845 agemus.

827 2347 859 2432 §-
880 2349 927 2415 17.

281 2533 315 2586 V.
351 2532 401 2584 DE
414 2529 595 2584 'Aculouu
620 2531 875 2617 CONFESSQRIA
894 2533 944 2583 ΕΤ
963 2531 1185 2585 NEGATORIA
1201 2533 1432 2584 PVBLICIANA.

381 2699 599 2782 Pvcnrru)
637 2700 672 2764 in
701 2701 820 2766 Museo
842 2700 1003 2767 Rhenano
1032 2700 1109 2767 Vol.
1133 2702 1158 2764 Ι.
1195 2724 1227 2785 p.
1253 2702 1323 2767 165.
1347 2723 1431 2784 seqq.

279 2801 320 2868 de
341 2801 468 2867 actione
488 2801 657 2886 negatoria
676 2801 721 2868 ita
741 2801 910 2880 disseruit,
939 2813 974 2867 ut
1001 2825 1040 2868 eo
1064 2803 1270 2888 potissimum
1294 2803 1432 2887 respice·

276 2913 342 2981 ret,
366 2912 524 2988 quatenus
548 2901 679 2968 tandem
706 2902 843 2968 dominii
866 2903 1016 2989 probatio
1044 2904 1146 2968 actori
1163 2905 1205 2968 sit
1222 2903 1431 2988 iniungenda.

277 3003 345 3087 Qui
366 3027 465 3089 quum
485 3005 627 3070 maxima
655 3027 729 3070 cum
757 3005 928 3090 diligentia
947 3029 984 3071 ac
1008 3006 1238 3092 perspicuitate
1260 3004 1431 3086 sententias

279 3127 411 3182 omnes,
447 3128 532 3191 quae
561 3104 622 3170 hac
655 3106 696 3171 de
715 3129 751 3172 re
774 3131 794 3171 a
814 3105 955 3172 Glossac
976 3107 1177 3193 temporibus
1200 3106 1285 3171 etin
1311 3104 1431 3190 seriptis

277 3207 569 3274 iureconsultorum
591 3217 622 3274 et
640 3207 674 3271 in
700 3208 795 3293 praxi
831 3207 1046 3286 obtinuerint,
1085 3218 1117 3273 et
1149 3207 1374 3294 explanauerit
1403 3215 1431 3269 ct
1519 3268 1520 3275 ,

281 3392 481 3406 *ᾗ-

327 3519 388 3580 Quo
421 3520 484 3570 loco
514 3520 606 3569 neseio
630 3534 666 3569 an
700 3518 829 3580 ‚,utili“
881 3521 1003 3571 Sunnrvs
1037 3536 1063 3584 p.
1091 3517 1150 3569 ild.
1180 3525 1207 3568 et
1233 3535 1303 3583 qnos
1337 3517 1429 3568 ciuruit.

275 3611 377 3663 actioni
406 3612 532 3676 opposita
568 3611 604 3660 sit
640 3609 829 3674 ,‚inntilis“
881 3614 984 3664 Contra
1011 3612 1230 3664 Zisnenucurvs
1261 3627 1287 3674 p.
1319 3609 1378 3661 238.
1404 3608 1430 3656 id

277 3718 366 3768 neque
388 3717 454 3753 uero
477 3702 677 3767 „directa,“
708 3704 736 3752 id
755 3704 830 3766 qnod
879 3707 982 3769 ipsum,
1012 3707 1087 3768 quod
1120 3704 1262 3766 negatoria
1288 3704 1358 3753 actio
1381 3704 1429 3752 Pu-

277 3795 435 3859 seepissime
463 3795 521 3846 fieri
550 3794 627 3844 testis
656 3801 699 3844 est
716 3795 830 3845 Krann-
880 3798 995 3850 blieiana
1024 3795 1132 3846 disertis
1174 3795 1264 3846 uerbis
1297 3808 1429 3858 nunquam

275 3900 330 3939 uve
348 3903 374 3951 p.
394 3885 463 3938 3⁹4..
500 3886 555 3938 Sed
571 3887 661 3950 possit
680 3888 759 3938 etiarn
780 3887 830 3937 ali·
880 3892 908 3940 in
935 3890 1055 3939 sontibus
1086 3889 1203 3950 nostris,
1227 3888 1274 3952 qui
1301 3888 1428 3943 dicuntur,
1518 3916 1519 3919 κ

276 3987 318 4030 ter
337 3979 475 4043 explicari.
881 3987 1062 4042 memoretur,
1086 3981 1114 4030 in
1143 3981 1305 4031 contrariam
1324 3983 1427 4028 senten-

312 4069 358 4135 ⁴⁶)
392 4071 433 4121 Gt.
463 4072 520 4120 eius
538 4070 697 4140 LPandeetae
714 4069 738 4136 ᾖ.
759 4069 829 4134 tou,
880 4073 945 4122 tiam
962 4073 1115 4134 argumenti
1130 4074 1193 4122 loeo
1217 4073 1337 4136 protulit.
1373 4070 1426 4120 Aa·
1518 4126 1519 4131 η

272 4160 826 4228 Esssnvsp.12.seqq.,Srrrnu1srvs
879 4181 977 4216 uersus
1016 4181 1097 4230 quern
1132 4165 1165 4214 ef.
1203 4166 1365 4225 Wrnnurvn
1384 4160 1426 4225 qni
1518 4204 1519 4223 χ

271 4257 378 4326 p.523.,
396 4260 597 4310 Horuuauuvs
616 4272 642 4320 p.
660 4255 730 4320 239,
748 4259 826 4306 Vsu·
879 4258 1026 4309 nouissime
1075 4260 1145 4308 hane
1193 4273 1251 4307 rem
1297 4252 1426 4319 exposuit,
1518 4250 1519 4335 i

273 4365 418 4404 ennomus
449 4354 471 4415 ἓ.
494 4347 553 4400 353,
587 4366 613 4403 a.
641 4350 667 4405 2.
698 4364 719 4400 e.
750 4351 767 4400 i.
799 4350 826 4414 t,
877 4367 904 4418 p.
926 4350 978 4406 22..
