3067 5117
283 574 351 619 res
392 550 638 635 habebitur,
679 556 800 643 quasi
843 563 1111 645 nouapatre
1153 561 1229 629 sed
1270 558 1436 629 aliunde

283 653 339 720 iis
378 652 662 735 obuenerint‚
702 681 843 743 neque
885 660 1101 747 quiequam
1137 663 1185 730 ab
1218 664 1270 731 iis
1307 686 1431 751 prae·

283 755 473 823 standum
501 758 651 841 erit.“)

822 1278 854 1361 §-
870 1278 901 1345 8.

744 1454 963 1509 concnvsm.

382 1618 435 1681 Ex
455 1627 524 1683 tota
543 1618 701 1706 deniqne,
725 1643 822 1707 quam
841 1618 1008 1707 hueusque
1032 1617 1247 1694 exhibuimus,
1269 1638 1434 1682 commen·

277 1715 400 1783 tatione
427 1718 490 1784 hoc
519 1741 694 1806 possumus
725 1730 884 1799 statuere,
919 1744 990 1787 eam
1011 1743 1109 1805 quem
1127 1720 1383 1785 Pnonnrnnuvs
1404 1739 1434 1801 p.

275 1813 306 1885 6.
337 1818 524 1904 primariam
552 1819 587 1885 in
618 1832 686 1887 tota
716 1821 779 1889 hae
808 1822 886 1889 iuris
915 1832 1006 1909 parte
1034 1819 1182 1907 regulam
1218 1842 1290 1885 esse
1320 1816 1434 1893 uoluit,

278 1918 430 1984 sustineri
450 1944 519 1986 non
539 1944 650 2010 posse.
690 1924 795 1993 Immo
828 1924 857 1990 si
887 1924 966 2011 quid
987 1922 1182 2011 generaliter
1202 1918 1297 1987 statui
1318 1927 1434 2007 potest,

276 2015 341 2085 hoe
361 2021 440 2087 erit:

356 2122 433 2201 „In
452 2122 669 2210 pupillari
689 2126 1009 2196 substitutione
1031 2126 1067 2192 si
1093 2124 1240 2212 plures
1261 2120 1434 2189 heredi-

355 2222 455 2289 tatis
497 2234 703 2311 paternae
742 2230 971 2316 portiones
1018 2227 1066 2294 ad
1105 2248 1227 2291 unum
1271 2222 1433 2290 substi-

356 2334 489 2389 tutum
509 2330 816 2412 peruenerint,
844 2330 1072 2419 separatim
1100 2348 1260 2413 semper
1279 2325 1433 2412 singu·

359 2426 490 2492 lerum
510 2428 754 2513 portionum
775 2431 885 2499 ratio
907 2441 970 2498 est
991 2428 1202 2505 habenda,
1219 2428 1260 2492 in
1277 2426 1432 2513 singu-

352 2528 405 2593 lis
434 2539 564 2595 autem
590 2530 699 2619 ipsis
727 2531 1006 2619 portionibus
1029 2530 1187 2620 plenae
1207 2528 1432 2596 contribu-

353 2630 466 2696 tioni
486 2631 607 2699 locus
629 2644 732 2700 est.“

271 2732 365 2799 Haeo
386 2755 466 2799 nero
487 2731 541 2799 lex
556 2735 720 2821 generalis
739 2735 904 2823 duplicem
926 2735 1032 2801 statim
1052 2733 1172 2820 petitur
1193 2732 1432 2821 exceptionem:

272 2834 507 2901 Generalis
535 2836 622 2901 enim
650 2849 682 2905 et
707 2838 890 2925 legatorum
914 2838 1059 2904 omnium
1079 2847 1111 2902 et
1140 2836 1329 2922 portionum
1355 2858 1433 2902 oon·

269 2936 400 3004 tributio
422 2936 474 3001 fit:
1529 3014 1530 3031 ἵ

378 3041 427 3118 1⁰,
449 3039 487 3109 Si
506 3039 571 3105 iam
599 3048 674 3107 ante
699 3050 837 3106 mortem
868 3041 1030 3107 testatoris
1059 3040 1177 3127 pupilli
1201 3038 1342 3107 decessu
1363 3062 1431 3105 cer·
1529 3034 1530 3103 l

268 3154 338 3210 tum
362 3144 405 3208 sit
430 3143 571 3220 factum,
604 3140 694 3228 quod
718 3142 829 3229 plures
860 3143 1029 3230 portiones
1061 3142 1102 3208 ad
1129 3141 1338 3207 substitutum
1370 3140 1431 3205 sint

268 3258 505 3337 peruenturum,
537 3266 636 3330 quum
667 3241 733 3308 hoo
758 3266 838 3310 oasu
862 3266 929 3310 una
956 3254 1080 3309 tantum
1108 3244 1215 3331 portio
1239 3242 1430 3329 peruenisse

269 3346 312 3413 ad
334 3370 408 3412 eum
430 3345 584 3431 fingat-ur.

373 3450 425 3525 2⁰,
447 3446 485 3514 Si
513 3445 649 3512 eoheres
676 3446 868 3513 substitutus
896 3446 990 3532 isque
1018 3444 1052 3509 in
1080 3466 1139 3511 sua
1162 3447 1313 3532 portione
1348 3447 1431 3511 ultra

268 3548 462 3615 dodrantem
490 3558 643 3613 oneratus
672 3559 826 3615 oneratae
855 3572 933 3615 suae
952 3547 1096 3635 portioni
1118 3548 1292 3635 principali
1316 3548 1428 3634 eequi—
1528 3626 1529 3629 Ἴ

263 3649 357 3715 sierit
382 3648 489 3714 minus
515 3650 648 3736 quidem
676 3674 737 3716 sua
764 3650 868 3737 ipsius
904 3650 1056 3737 portione
1095 3648 1154 3715 sed
1189 3660 1297 3715 tamen
1332 3650 1428 3715 etiam
1528 3694 1529 3743 g

266 3751 352 3818 ultra
369 3750 565 3827 ⁴dodrantem
586 3762 752 3819 oneratum
773 3750 891 3838 pupilli
912 3749 1108 3838 portionem.
1150 3752 1244 3835 Quae
1265 3750 1428 3837 posterior
1528 3746 1529 3771 ¹

302 4056 350 4121 ⁸⁸1
367 4058 410 4109 De
439 4063 499 4109 tota
524 4058 576 4109 hae
594 4056 755 4125 quaestione
781 4057 821 4108 el.
869 4054 1427 4124 p.tut.2.,eu.v1.p.⁵53.2.,A.p.

262 4148 470 4200 Pnoanrnam
489 4145 516 4214 ἦ.
535 4145 575 4210 7.,
613 4150 819 4201 Herennianus
870 4146 931 4201 309.
951 4164 1025 4215 seq„
1059 4151 1229 4203 Aaronem
1253 4151 1282 4200 in
1307 4152 1377 4203 Lex.
1396 4166 1422 4215 p.

264 4237 289 4306 §-
308 4237 333 4291 9.
355 4247 384 4289 et
402 4238 458 4305 to,
493 4242 663 4292 finemve
686 4242 750 4293 Vol.
769 4244 817 4294 VI.
870 4240 945 4307 318..
967 4241 1138 4294 Stouraurs
1159 4258 1186 4307 p.
1203 4240 1256 4296 tt..

262 4346 290 4397 p.
308 4328 379 4397 976,
395 4346 423 4397 p.
439 4330 534 4414 379,
553 4334 768 4387 Vironum!
785 4334 818 4387 Ρ.
1282 4328 1285 4335 “
