3067 5117
134 567 263 652 reliqna
281 566 329 631 D.
349 566 433 631 inter
453 575 580 633 ceteros
600 565 776 653 legatarios
796 588 856 652 pro
878 575 948 633 rata
967 576 1042 633 aunt
1062 567 1296 639 distribuenda.

133 670 316 735 Habebunt
346 668 422 736 Gaii
442 666 588 733 extranei
608 664 765 733 CLXVI.
789 676 820 733 et
850 666 891 733 de
923 690 988 733 uno
1016 668 1164 749 bessem,
1201 673 1297 741 Sem.

132 770 244 859 pronii
266 768 529 835 CCCXXXIII.
552 779 584 832 et
604 768 645 833 de
664 790 730 832 uno
752 768 911 835 trientem.

238 870 308 935 Pro
329 868 401 947 his,
422 892 506 956 quae
526 868 689 936 attulimus
708 869 866 956 exemplis
887 870 1057 951 facillime,
1079 873 1297 959 quodcunque

133 971 281 1048 accidat,
310 973 393 1039 ratio
414 970 581 1037 Falcidiae
602 969 722 1056 poterit
745 970 880 1055 inquiri,
909 995 947 1037 ae
971 994 1049 1039 uere
1071 984 1102 1039 et
1121 974 1169 1040 rei
1194 974 1297 1062 ipsius

132 1084 271 1139 uacuae
306 1084 339 1139 et
368 1073 520 1162 aequitati
555 1072 589 1135 in
617 1070 679 1135 hac
709 1071 884 1157 praecipue
914 1072 993 1139 iuris
1024 1085 1115 1160 parte
1141 1092 1298 1162 perquam

133 1175 397 1243 considerandae
432 1176 515 1241 baec
544 1175 641 1241 unice
669 1175 751 1241 ratio
787 1196 921 1259 prorsus
953 1176 1128 1243 conuenire
1158 1178 1297 1245 uidetur.
1365 1186 1395 1269 .'

131 1275 241 1341 Aliter
274 1277 537 1345 Vaucnaovrvs
571 1276 612 1341 Δ.
648 1298 681 1361 p.
714 1275 785 1342 28t.
816 1296 907 1361 seqq.
943 1274 1123 1343 Falcidiam
1159 1278 1296 1358 induxit,

133 1400 237 1461 quum
259 1379 429 1447 imminuta
454 1378 571 1465 pupilli
593 1376 770 1443 hereditate
798 1374 906 1461 legata
936 1400 955 1442 a
981 1378 1107 1464 pupillo
1136 1382 1298 1445 extraneis

132 1478 251 1545 relicta
290 1480 344 1547 uel
388 1505 408 1547 a
442 1479 614 1545 substituto
656 1476 816 1543 soluenda
853 1499 921 1541 non
964 1499 1035 1545 esse
1085 1481 1298 1547 contenderit.

133 1582 352 1656 Hvscrmvs
373 1591 498 1658 autem,
530 1579 619 1665 quod
645 1579 738 1644 salua
757 1577 837 1643 tauti
857 1578 920 1643 uiri
941 1580 1128 1647 auctoritate
1151 1580 1298 1658 dixerim,

134 1680 257 1747 iccirco
308 1682 416 1747 minus
462 1692 549 1748 reete
597 1703 667 1746 rem
710 1692 900 1766 persecutus
938 1691 1004 1759 est,
1053 1682 1142 1766 quod
1173 1684 1215 1747 L.
1250 1686 1298 1751 14.

134 1784 168 1866 S.
194 1786 224 1851 1.
254 1783 296 1849 de
325 1783 414 1870 legg.
440 1793 579 1870 praest,
618 1804 716 1866 quam
742 1782 814 1867 ipsc
842 1782 953 1849 citauit
979 1784 1055 1849 Vcl.
1077 1785 1150 1851 Vll.
1180 1807 1213 1869 p.
1235 1785 1298 1861 64,

136 1885 274 1949 omnino
293 1884 520 1971 praeteruidit:
543 1882 678 1960 accedit,
700 1883 789 1968 quod
811 1881 880 1949 eius
901 1884 1084 1970 praeceptis
1108 1885 1225 1951 iccirco
1237 1907 1299 1949 no·

134 1986 187 2051 bis
210 1984 417 2053 subscribere
445 1984 626 2062 nonlicet,
658 1985 735 2071 quia
762 1984 872 2070 legata
892 1986 1042 2071 personis
1073 1987 1217 2072 exeeptis
1238 1986 1297 2049 de-

135 2089 207 2154 bita
227 2089 368 2173 primum
388 2084 597 2162 deducenda,
619 2083 738 2151 deinde
760 2086 795 2150 in
816 2086 949 2172 reliquis
970 2087 1150 2153 Falcidiam
1169 2110 1298 2173 ponen-

135 2190 215 2255 dam
236 2210 310 2255 esse
332 2187 487 2253 statuerit.
507 2187 621 2272 Itaque
643 2198 755 2253 nostra
772 2188 854 2252 ratio
877 2187 944 2253 fere
968 2210 1056 2254 noua
1076 2188 1204 2253 uidetur
1225 2211 1298 2255 esse

134 2290 318 2379 proposita.

682 2842 713 2926 s.
737 2844 787 2910 to.

191 3027 489 3091 QVEMADMODVM
508 3026 733 3079 SOLVAN'I'VB
751 3026 920 3090 Lucam,
948 3027 983 3079 81
1008 3026 1101 3079 SVVS
1124 3030 1245 3081 HERES
1351 3087 1352 3090 Ἴ

582 3134 846 3186 Asssrluvlrfflr.

248 3315 361 3396 Quum
380 3313 585 3401 propositum
604 3312 793 3391 habeamus,
814 3312 972 3379 rationem
992 3310 1159 3379 Falcidiae
1180 3312 1214 3378 iu
1236 3312 1297 3377 du-

139 3414 283 3501 plicibus
313 3414 511 3482 testamentis
543 3415 736 3493 ineundam,
772 3440 870 3501 quam
898 3415 970 3481 fieri
999 3426 1107 3502 potest
1136 3414 1297 3481 uberrime

141 3518 301 3595 edocere,
330 3516 460 3583 silentio
489 3517 699 3603 praetermitti
724 3518 837 3603 nequit
866 3516 1040 3603 singularis
1062 3516 1222 3601 quaedam
1242 3517 1298 3582 lex

141 3620 185 3685 de
216 3620 334 3705 legatis
365 3618 568 3703 praestandis
596 3618 744 3704 regulam
772 3618 949 3694 exhibens,
973 3618 1001 3682 si
1023 3638 1100 3681 suus
1120 3616 1214 3684 heres
1236 3640 1296 3703 pa-

140 3733 236 3787 terna
253 3720 432 3787 hereditate
453 3718 653 3785 abstinuerit.
699 3722 793 3787 Haec
821 3719 907 3786 euim
935 3718 1058 3806 profert
1077 3719 1297 3784 Parrulauvs

140 3823 182 3887 1..
208 3823 255 3890 12.
278 3822 319 3887 de
340 3820 431 3907 uulg.
455 3832 487 3886 et
507 3844 606 3908 pup.:

224 3924 284 3999 „Si
305 3922 411 3999 filius,
440 3921 496 4006 qui
524 3920 608 4009 patri
637 3944 674 3987 ac
696 3932 813 4009 postea
830 3924 919 3990 fratri
940 3946 981 3989 ex
1005 3920 1157 3989 secundis
1178 3920 1296 3986 tabulis

221 4024 316 4090 heres
339 4023 474 4101 exstitit,
493 4021 716 4115 ⁸hereditatem
734 4025 837 4110 patris
868 4030 1014 4098 recuset,
1044 4020 1217 4089 fraternam
1238 4048 1295 4089 au-

222 4136 285 4190 tem
304 4125 444 4194 retinere
463 4124 570 4200 malit,
600 4122 703 4187 audiri
726 4124 834 4190 debet.
893 4122 1013 4188 Iustius
1044 4124 1130 4189 enim
1157 4126 1295 4190 Praeto-

223 4250 292 4293 rem
314 4227 475 4292 facturum
503 4226 671 4304 existimo,
701 4226 729 4291 si
754 4227 844 4292 fratri
874 4224 1112 4312 separationem
1134 4225 1296 4291 bonorum

223 4327 323 4414 patris
351 4326 559 4393 concesserit.
614 4327 746 4393 Etenim
773 4328 823 4392 ius
852 4327 973 4393 dicenti
996 4324 1200 4413 propositum
1235 4337 1294 4407 est,
