3067 5117
267 536 377 625 legata
395 562 415 605 a
434 538 561 627 pupillo
581 538 711 616 relicta,
742 548 779 603 ut
799 538 885 606 ultra
910 538 1103 607 dodrantem
1130 547 1284 605 oneratus
1312 540 1426 606 haberi

267 639 385 728 possit,
416 641 505 727 quod
531 640 691 706 subducta
710 639 829 727 pupilli
849 665 992 727 persona
1010 641 1216 709 reuocandus
1239 652 1289 707 est
1307 642 1350 708 ad
1372 641 1426 707 in-

268 743 444 809 stitutionis
463 742 672 810 intellectum.
713 743 807 827 Ergo
827 742 994 809 Falcidiae
1015 742 1108 809 loeus
1131 766 1201 809 non
1220 755 1280 810 ost.

369 847 616 911 Houuuauuvs
638 843 780 929 denique
801 867 835 929 p.
852 846 923 915 stt.
944 844 1071 910 uerbis:
1108 846 1288 931 „Atquin
1309 868 1426 931 quar·

267 958 353 1014 tam
374 947 546 1025 habet,“
568 970 637 1013 non
659 945 895 1013 dubitationem
915 946 1044 1012 uidetur
1064 948 1225 1014 contineri
1243 948 1426 1027 censuisse,

267 1049 326 1115 sed
346 1050 454 1137 ipsum
472 1051 662 1115 Parmam
684 1070 897 1134 responsum,
931 1070 998 1133 quo
1018 1060 1166 1135 quartam
1188 1058 1220 1115 et
1239 1049 1326 1115 hunc
1346 1050 1427 1115 sub-

268 1152 413 1218 stitutum
432 1151 616 1218 habiturum
638 1174 709 1218 esse
729 1148 915 1216 contendat.
955 1148 1089 1217 Deinde
1110 1150 1188 1216 addi
1207 1151 1429 1217 obiectionem

268 1252 488 1339 „quamuis
522 1253 633 1319 idem
662 1274 747 1317 non
777 1252 1427 1339 patiaturinstituticompara-

266 1356 376 1433 tio,“
398 1378 474 1421 nam
494 1353 629 1421 instituti
652 1352 872 1440 compa-ratio,
906 1353 934 1419 si
954 1352 1018 1419 buc
1038 1352 1277 1431 redhiberetur,
1299 1354 1372 1421 fore
1393 1366 1429 1421 ut

265 1457 374 1544 legata
395 1482 415 1523 a
434 1456 561 1545 pupillo
582 1455 695 1521 relicta
716 1455 850 1521 omnino
879 1478 946 1520 non
978 1464 1237 1540 praestarentur,
1269 1456 1305 1521 id
1336 1457 1429 1543 quod

267 1558 345 1624 iuris
369 1559 528 1625 rationem
549 1556 816 1643 impugnaturum
838 1556 951 1641 ιίιῖθ)

366 1660 437 1726 Nos
458 1661 492 1725 in
512 1661 735 1726 Pnoanuurur
759 1668 791 1723 et
812 1658 996 1725 Hvscfflssr
1016 1659 1336 1747 interpretationibus
1359 1661 1427 1728 duo

263 1762 402 1828 maxime
425 1761 649 1839 offenderunt,
682 1760 841 1847 primum,
875 1760 964 1845 quod
986 1783 1094 1845 neque
1116 1762 1293 1839 „idem“
1315 1787 1426 1851 neque

265 1862 365 1941 „id“
398 1862 493 1929 facile
515 1863 677 1931 aduerba
712 1873 782 1941 „et
816 1860 950 1947 ipsum
977 1862 1218 1931 Falcidiam
1249 1863 1424 1931 habitu-

262 1972 375 2030 rum“
398 1964 480 2030 trabi
501 1974 628 2051 potest,
658 1963 717 2030 sed
740 1974 876 2049 utraque
897 1985 986 2041 uox,
1007 1963 1070 2029 nisi
1093 1963 1227 2033 latinam
1246 1965 1426 2036 dictionem

262 2066 501 2155 propemodum
521 2076 784 2143 contemnamus,
813 2064 855 2130 ad
874 2062 977 2130 uerba
1008 2066 1193 2151 „atquin
1225 2081 1426 2155 quartam

261 2166 419 2235 babet“
451 2168 625 2248 referatur,
656 2166 873 2236 accessesit:
903 2164 1023 2235 deinde
1042 2190 1141 2247 uero,
1175 2171 1266 2256 quod
1284 2173 1425 2242 uerbum

300 2515 346 2581 1θ)
367 2516 537 2579 singularem
549 2517 646 2567 afferre
663 2514 729 2567 libet
738 2516 816 2566 Dva·
867 2518 945 2577 gata,
964 2516 1013 2564 aed
1029 2522 1143 2580 propter
1160 2524 1285 2570 ueterum
1302 2522 1426 2583 regulam

263 2624 334 2662 earu
373 2608 641 2673 interpretationem,
682 2610 728 2675 qni
766 2610 818 2658 bac
868 2607 1069 2659 contributione
1089 2609 1160 2661 faeta
1177 2612 1256 2663 loona
1275 2619 1319 2663 eat
1335 2614 1425 2665 Falci·

266 2704 355 2768 speeie
373 2700 528 2767 proposita:
558 2703 688 2752 Testator
702 2689 827 2751 babebat
869 2701 938 2750 diae.
989 2702 1026 2751 Et
1062 2703 1138 2765 quod
1168 2704 1208 2755 ait
1236 2705 1272 2756 de
1307 2706 1425 2758 instituti

266 2796 377 2858 0000,
395 2793 512 2844 institnit
530 2794 664 2858 pupillum
680 2794 817 2856 heredem,
869 2794 1083 2859 comparatione,
1101 2794 1218 2848 retertur
1233 2800 1269 2850 ad
1286 2798 1327 2862 id,
1347 2802 1424 2865 qaod

263 2889 366 2951 legauit
383 2888 438 2938 00.
456 2886 490 2936 ab
509 2900 552 2949 eo,
570 2886 819 2939 substituitTitinm
870 2887 988 2937 (Ιίιίιιιιιι
1006 2899 1097 2951 supra
1144 2889 1224 2941 Idem
1251 2891 1324 2943 enim
1357 2892 1427 2943 dixit

265 2988 293 3032 et
311 2981 382 3031 forte
409 2980 492 3031 etiam
513 2980 606 3031 Seium
625 2978 662 3045 (1)
695 2980 745 3031 sed
772 2979 818 3030 Ti·
868 2980 1042 3031 iudicandum
1066 2995 1129 3031 esre
1148 2984 1183 3033 de
1200 2984 1243 3036 bia
1263 2985 1426 3049 substitutis,

264 3075 331 3125 tium
355 3072 480 3125 onerauit
497 3078 602 3125 tentum
620 3078 647 3123 et
664 3072 767 3135 legauit
785 3070 818 3121 ab
870 3087 902 3123 ae
922 3074 945 3123 ei
960 3073 1078 3123 instituti
1105 3082 1208 3128 essent.
1254 3078 1424 3143 Comparari·
1521 3077 1522 3080 ’

266 3182 299 3218 eo
340 3166 380 3230 C.,
427 3166 496 3217 baec
543 3166 641 3217 deinde
690 3164 819 3215 disserit:
869 3170 914 3214 tur
943 3164 1015 3215 euim
1040 3164 1190 3232 institutis,
1227 3170 1280 3220 etsi
1309 3176 1427 3222 testator

264 3258 420 3323 „Atquin
443 3264 598 3323 quartam
618 3258 739 3320 habet,
759 3269 818 3307 ne·
871 3257 972 3307 directe
996 3272 1045 3308 eos
1075 3273 1133 3311 non
1159 3260 1313 3313 instituerit.
1349 3266 1426 3315 Haec

265 3367 330 3417 que
359 3350 451 3400 idem
479 3350 633 3414 patiatur
657 3348 821 3401 instituti
871 3349 1038 3414 comparatio
1058 3365 1116 3403 non
1134 3353 1249 3418 patitur,
1281 3362 1312 3405 ut
1329 3364 1427 3423 quarta

264 3440 514 3506 comparatio.“
548 3442 598 3493 His
618 3437 708 3492 uerbis
726 3446 820 3492 osten·
869 3442 1045 3504 detrabatur,
1075 3442 1138 3508 qnia
1168 3446 1192 3495 si
1214 3446 1341 3499 instituto
1364 3451 1426 3501 sub·

265 3536 304 3586 dit
330 3534 525 3597 Paruuiuws,
566 3532 702 3599 duplicem
734 3532 819 3583 fuisse
869 3532 993 3583 stitutum
1044 3549 1248 3604 comparemus,
1293 3542 1426 3593 subducta

265 3640 390 3678 caussam
400 3626 584 3677 dubitationis.
617 3624 820 3677 Primumenirn
868 3626 965 3690 pupilli
998 3642 1119 3690 persona
1151 3645 1209 3683 non
1242 3640 1318 3683 esset
1346 3635 1425 3687 loeus
1519 3629 1520 3658 ³

266 3720 349 3771 babet
367 3726 491 3785 quartam
508 3722 669 3773 substitutus
694 3717 756 3781 ille,
785 3720 818 3768 de
870 3718 1015 3769 Falcidiae.
1066 3720 1135 3771 Nam
1174 3724 1318 3777 habebitur
1355 3729 1423 3780 ratio

265 3828 320 3878 quo
340 3812 508 3877 quaerimus,
537 3812 620 3862 babet
648 3814 718 3867 enim
740 3812 820 3873 dimi·
870 3812 955 3861 totius
972 3812 1057 3877 assis,
1077 3816 1152 3879 quod
1173 3817 1196 3868 si
1215 3818 1282 3884 fiat,
1299 3820 1370 3873 baec
1386 3821 1424 3872 lc-

266 3904 337 3955 diam
354 3910 460 3968 partem
476 3904 651 3970 hereditatis,
675 3908 751 3959 euius
780 3908 819 3957 di·
871 3913 934 3969 gata
952 3923 1009 3959 non
1031 3909 1167 3959 excedent
1196 3910 1359 3965 dodrantem
1384 3920 1424 3963 to-

265 3997 347 4048 midia
376 4012 440 4062 pars
471 3998 505 4047 ab
537 4011 571 4047 eo
602 4003 707 4051 tantum
725 4000 820 4050 relicta
870 3998 924 4049 tina
942 3999 1022 4049 arsis.
1057 3998 1231 4067 Comparatio
1251 4006 1333 4068 igitur
1347 4005 1424 4057 insti·

266 4095 316 4140 est.
360 4088 434 4152 Ergo
454 4094 578 4154 quartam
595 4091 678 4143 babet
696 4093 819 4144 deductis
870 4090 993 4154 tutionis,
1014 4107 1068 4157 qua
1085 4109 1169 4160 snpra
1186 4096 1229 4147 usi
1246 4113 1349 4163 eumue,
1368 4116 1425 4152 nou

264 4180 370 4245 legatis.
416 4180 508 4246 Atque
527 4183 581 4233 boe
599 4184 707 4250 quidem
725 4196 821 4236 uerum
870 4184 980 4234 uidetur
997 4185 1066 4249 pati,
1092 4185 1189 4237 deduci
1205 4186 1361 4241 Falcidiam
1384 4190 1424 4241 ci.

266 4279 354 4338 esset,
383 4272 407 4325 ai
438 4289 496 4327 non
525 4274 759 4329 contunderentur
779 4279 820 4329 le·
871 4278 1127 4342 Pnoanrnurvsp.
1146 4275 1188 4330 oi
1206 4288 1264 4332 not
1282 4298 1318 4333 m.
