3067 5117
376 532 519 600 Omnem
551 530 650 618 igitur
677 528 820 597 Ivmsul
835 526 1030 594 *doctrinam
1062 546 1102 593 eo
1132 523 1338 611 potissimum
1370 518 1428 584 niti

272 634 433 711 uidimus,
458 631 548 718 quod
574 642 667 718 poter
693 628 794 695 sibi
785 628 848 715 rpsi
876 627 1030 693 heredem
1058 626 1178 693 scribat
1205 647 1296 701 eum,
1333 642 1428 705 quem
1522 664 1523 687 2

271 733 477 822 pupillariter
498 732 671 799 substituit.
714 731 830 815 Neque
857 739 967 794 tomen
997 727 1142 792 funditus
1164 725 1249 792 hane
1271 722 1428 789 rationem

271 836 423 925 pertulit,
451 833 510 900 sed
533 833 642 919 aliqua
662 842 749 899 certe
772 854 814 897 ex
836 840 927 915 parte
948 827 1068 895 mitiori
1087 828 1151 893 iam
1173 817 1429 911 interpretationi
1522 852 1523 895 ι

273 937 413 1003 cessisse
439 934 579 999 uidetur.
626 932 777 1018 Namque
807 932 835 999 si
865 929 1079 997 exheredatus
1101 928 1197 994 luerit
1215 923 1361 1013 pupillus
1384 919 1429 985 ci-

274 1060 338 1124 que
366 1036 466 1102 frater
493 1034 589 1099 heres
618 1033 827 1110 substitutus,
861 1032 929 1097 filio
957 1030 1012 1096 isti
1042 1039 1178 1117 paterna
1204 1049 1240 1093 se
1269 1022 1429 1089 abstinere
1522 1034 1523 1059 ¹

155 1170 159 1175 ⁸
273 1137 451 1205 hereditate
472 1146 504 1201 et
525 1133 713 1201 exheredati
732 1132 904 1212 fratris,
878 1156 906 1197 ει
924 1154 1007 1219 quae
1024 1130 1154 1207 luerint,
1174 1128 1264 1195 bona
1283 1124 1431 1209 accipere

195 1326 199 1330 ι
276 1238 448 1305 concessit.
492 1236 535 1301 L.
559 1236 611 1302 41.
632 1234 697 1300 cit..

383 1355 451 1440 Qui
471 1355 583 1434 locus,
613 1354 661 1419 uti
681 1376 769 1419 nunc
791 1361 909 1431 exstat,
943 1351 1035 1419 aliter
1057 1350 1112 1416 uix
1135 1358 1245 1437 potest
1264 1342 1442 1445 explicari,-

275 1459 344 1524 nisi'
358 1457 422 1535 ita,
439 1468 476 1521 nt
496 1456 567 1521 siue
588 1476 634 1521 ex
648 1478 723 1521 asse
743 1454 906 1520 institutus
929 1454 1025 1519 luerit
1043 1452 1155 1530 irater,
1177 1451 1246 1516 siue
1267 1471 1309 1515 ex
1329 1458 1432 1534 parte,

275 1571 450 1648 postquam
472 1551 626 1623 abstinuit
649 1578 722 1622 sese
742 1568 880 1643 paterna
900 1554 1090 1633 hereditate,
1109 1553 1199 1619 fratri
1220 1550 1432 1617 nihilominus

277 1661 472 1727 exheredato
493 1682 534 1725 cx
556 1656 783 1724 substitutione
804 1656 909 1742 possit
928 1655 1023 1721 heres
1043 1655 1209 1721 exsistere.
1228 1652 1347 1737 Neque
1373 1650 1433 1736 igi-

277 1775 328 1826 tur
347 1760 431 1827 tides
451 1758 602 1825 habenda
620 1768 669 1824 est
688 1759 883 1823 Hvscflnlo
910 1780 942 1843 p.
963 1758 1032 1835 94,
1055 1756 1111 1841 qui
1131 1754 1172 1821 de
1193 1754 1290 1820 fratre
1310 1761 1433 1817 tantum

278 1886 320 1929 cx
342 1872 434 1949 parte
454 1859 599 1925 instituto
622 1858 677 1945 agi
696 1870 805 1945 putat,
831 1859 877 1925 ita
896 1868 931 1923 ut
953 1857 1171 1943 supplendum
1192 1856 1251 1921 sit:

360 1978 501 2066 „poterit
520 2000 561 2043 cx
589 1976 817 2043 substitutione
837 1976 1049 2043 hereditatem
1071 1976 1235 2053 obtinere,
1256 1972 1291 2039 si
1313 1972 1433 2039 soili-

357 2090 423 2147 cet
446 2076 695 2145 coheredem
712 2078 916 2156 habeat‚“

280 2186 1434 2287 quofactoadhib.praeceptaapplicarihoc'fragmentumproponit.
1522 2220 1523 2305 p

277 2302 355 2389 Ipse
385 2309 492 2365 autem
510 2298 725 2365 Hvscfflssvs
755 2299 922 2378 concedit,
944 2302 1126 2366 Ivumnvu
1148 2310 1234 2365 certe
1255 2298 1340 2364 hanc
1364 2299 1433 2385 opi·

277 2402 412 2466 nionem
437 2422 506 2465 nou
535 2397 707 2477 habuisse,
751 2400 811 2467 sed
847 2424 889 2466 ex
919 2401 1118 2468 Iustinianen
1147 2400 1278 2467 tandem
1309 2397 1435 2466 ratione
1522 2392 1523 2473 Ϊ

279 2501 376 2566 talem
396 2499 694 2586 interpretationem
714 2502 933 2568 necessariam
951 2501 1063 2580 reddi,
1093 2524 1230 2587 quorum
1250 2501 1341 2587 prius
1367 2524 1435 2567 eer-

278 2614 347 2666 tum
368 2611 433 2678 est,
459 2601 538 2667 alias
561 2601 648 2667 enim
670 2600 867 2667 intolerabili
887 2601 1023 2669 libidine
1042 2603 1214 2669 IvLIArrvs
1239 2602 1289 2667 ius
1318 2613 1435 2669 nacta-

189 2779 191 2782 ·
278 2704 388 2780 uisse,
418 2725 525 2788 neque
551 2726 631 2769 uero
652 2715 890 2791 consequenter
909 2704 1078 2792 principiis
1101 2704 1168 2772 suis
1187 2702 1333 2770 funditus
1360 2704 1435 2769 sub·
1522 2710 1523 2731 ¹

278 2802 369 2870 iectis
391 2804 500 2890 egisse
520 2806 696 2872 uideretur.

277 2954 280 2959 J
382 2923 427 2987 At
453 2946 532 2991 uero
561 2948 731 3013 semper
756 2926 888 2993 fratrem
913 2924 1039 3013 pupillo
1064 2924 1260 2991 exheredato
1283 2922 1438 2989 substitu-

278 3036 346 3090 tum
366 3046 519 3112 separare
548 3049 647 3114 posse
674 3027 887 3105 hereditates,
914 3036 950 3091 ut
973 3026 1147 3093 fraternam
1171 3024 1308 3105 habeat,
1337 3025 1437 3113 patris

278 3149 347 3191 nou
367 3126 503 3205 habeat,
523 3128 705 3195 Ivnrsnvu
723 3151 909 3215 proponere
930 3126 1092 3214 potuisse,
1113 3127 1201 3194 haud
1221 3125 1437 3214 improbabile

279 3238 348 3305 est,
386 3249 483 3312 quern
518 3252 558 3295 co
586 3231 627 3297 ad
654 3230 738 3296 hanc
770 3229 970 3295 decisionem
998 3229 1191 3315 perductum
1219 3227 1319 3295 fuisse
1350 3228 1438 3295 credi

278 3338 402 3411 potest,
422 3328 511 3412 quod
532 3330 752 3397 Parrumnvs
775 3330 924 3416 exprimit
944 3330 986 3393 L.
1010 3332 1058 3398 12.
1080 3330 1133 3395 cit.
1160 3330 1436 3395 etMancnnnvs

278 3428 320 3491 L.
342 3428 393 3493 42.
415 3428 487 3505 cit,
517 3429 647 3495 fratrem
674 3432 797 3497 scilicet
825 3432 864 3497 ab
893 3431 1044 3497 intestato
1077 3428 1264 3498 exheredati
1283 3429 1437 3497 heredem

278 3528 419 3592 futurum
444 3527 560 3609 fuisse,
588 3533 799 3617 quamobrem
826 3532 974 3618 iniquum
995 3531 1161 3612 uideatur,
1189 3531 1358 3600 uoluntate
1378 3556 1437 3620 pa·

285 3771 487 3787 Q

274 3944 347 4002 2³.
384 3961 453 3999 uero
470 3947 494 3998 is
519 3953 649 3999 tractatur
683 3967 772 4018 casus,
809 3953 832 4005 si
881 3966 949 4005 neus
969 3952 1004 4006 'sit
1019 3950 1190 4005 substitutus.
1254 3951 1383 4004 Ceterum
1402 3950 1436 4004 sd
1522 4014 1523 4026 χ

274 4040 390 4101 primunr
408 4042 516 4105 quidem
544 4040 600 4091 filio
619 4052 655 4093 ex
674 4060 736 4097 usse
753 4046 830 4095 insti·
880 4046 952 4097 hunc
969 4048 1061 4099 locum
1077 4046 1148 4097 infra
1166 4046 1257 4096 denuo
1278 4046 1329 4095 erit
1345 4048 1435 4096 recur-

69 4164 75 4180 .
266 4136 336 4181 tuto
374 4134 522 4183 extraneus
561 4134 688 4199 quilibet,
729 4132 828 4183 deiude
879 4140 1001 4213 rendum.

273 4232 341 4272 nero
363 4224 451 4275 eidem
470 4225 575 4335 pupillo
605 4227 719 4277 coheres
738 4231 829 4276 extra·
