3067 5117
1197 391 1256 460 175

152 541 193 618 b.)
212 539 341 606 Aetio
364 543 598 627 negatoria:

208 641 294 705 Non
316 651 375 706 est
396 641 496 706 Tibi
516 641 577 708 ius
598 644 650 728 (in
669 664 761 708 meo:
783 641 922 706 seruitus
943 642 984 707 de
1005 641 1186 727 patiendo.)

210 741 486 806 Fundamentum:
511 741 716 826 quiaTibi
739 742 990 808 seruitutem
1008 763 1089 806 non
1111 741 1257 808 debeo.

114 843 197 906 Haeo
221 841 317 928 igitur
338 842 547 908 fundamenta
570 844 733 909 actionum
754 842 948 927 probatione
967 864 1040 907 esse
1061 843 1258 908 confirman-

114 943 152 1006 da
179 943 298 1007 statuit:
340 965 423 1026 quae
454 945 554 1010 thesis
586 968 644 1030 per
678 967 713 1008 se
740 942 872 1027 quidem
898 941 1079 1008 rectissima
1107 953 1165 1006 est.
1205 941 1257 1007 Cf.

113 1043 280 1109 Wnnuuvs
302 1043 343 1108 de
365 1067 464 1109 onere
486 1043 647 1130 probandi
668 1068 700 1129 p.
724 1045 806 1110 126..
857 1043 926 1111 Sed
947 1043 1001 1108 hic
1021 1042 1168 1109 adhiberi
1190 1067 1258 1110 non

116 1143 209 1208 statim
237 1143 353 1223 debet,
383 1167 482 1231 quum
509 1147 744 1212 Vunrflmssve
765 1145 848 1210 falsa
868 1143 1031 1210 interdum
1050 1143 1260 1210 fundamenta

116 1246 318 1331 supposuerit.

207 1347 278 1412 Iure
300 1357 407 1413 autem
427 1347 461 1411 in
489 1347 628 1412 formula
647 1346 752 1433 prima
776 1355 809 1411 et
833 1347 933 1414 altera
955 1347 1117 1414 seruitutis
1137 1350 1258 1435 proba·

118 1445 226 1512 tionem
257 1447 451 1534 exigendam
480 1470 550 1513 esse
580 1448 711 1524 docuit,
745 1470 845 1532 quum
865 1471 943 1514 uere
965 1460 1102 1535 utraque
1121 1448 1258 1517 intentio

119 1549 303 1625 muitetur,
326 1549 415 1633 quod
437 1549 508 1634 quis
530 1550 716 1614 seruitutem
737 1549 798 1612 sibi
820 1552 944 1615 asserit.

211 1648 329 1730 Quoad
350 1649 475 1715 tertiam
499 1662 530 1715 et
553 1661 696 1734 quartam
716 1649 888 1714 formulam
908 1652 1010 1738 longa
1032 1652 1259 1738 disquisitione

116 1748 335 1816 Vnmnamvs
358 1750 474 1828 effecit,
497 1762 532 1815 ut
551 1750 796 1815 fundamentum
817 1750 954 1816 actionis
970 1753 1158 1838 negatiuum
1180 1777 1258 1838 pro-

117 1848 178 1914 bari
193 1873 257 1916 non
278 1873 377 1936 posse
405 1852 589 1929 euinceret,
608 1850 739 1942 *deinde
761 1874 840 1916 uero
862 1851 906 1916 ita
926 1851 993 1917 fere
1016 1867 1257 1941 argumentatus

117 1960 174 2014 est:
665 2007 670 2014 s

261 2056 309 2134 1⁰,
331 2055 457 2121 Actio
479 2055 770 2121 confessoris:

204 2157 279 2220 Est
299 2157 397 2221 mihi
418 2157 480 2221 ius
513 2157 558 2239 (in
580 2179 672 2221 meo:
696 2155 834 2220 seruitus
854 2154 894 2219 de
918 2177 985 2219 non
1007 2154 1183 2235 faciendo.)

205 2257 481 2322 Fundamentum:
504 2257 605 2342 quia
623 2256 721 2321 Tibi
745 2255 994 2322 seruitutem
1014 2280 1096 2322 non
1117 2257 1255 2323 debeo.

115 2354 177 2420 Hoc
196 2357 439 2423 fundamentum
460 2357 647 2442 negatiuum
669 2369 733 2434 est,
756 2358 957 2441 factumque,
981 2358 1169 2423 seruitutem
1189 2380 1257 2437 non

116 2457 305 2524 constitutam
328 2480 418 2536 esse,
440 2457 530 2522 nulla
549 2457 679 2544 penitus
699 2458 825 2524 ratione
852 2459 985 2544 probari
1011 2470 1139 2546 potest:
1168 2472 1257 2527 actor

116 2555 199 2642 igitur
219 2559 334 2637 adid,
357 2560 445 2644 quod
466 2559 537 2624 fieri
559 2582 626 2624 non
647 2569 776 2647 potest,
804 2581 872 2624 non
894 2561 1087 2646 adigendus.

245 2663 295 2738 2⁰,
316 2661 439 2725 Actio
468 2659 719 2746 negatoria:

203 2762 293 2826 Non
318 2772 384 2826 est
404 2761 506 2826 Tibi
533 2760 601 2825 ius
634 2760 679 2840 (in
701 2783 793 2825 meo:
820 2761 959 2826 seruitus
982 2761 1023 2826 de
1043 2763 1224 2848 patiendo.)

201 2862 477 2927 Fundamentum:
501 2862 603 2947 quia
624 2862 725 2929 Tibi
747 2851 1092 2927 seruitutem'non
1114 2865 1255 2928 debeo·

40 3023 43 3033 ,
113 2957 165 3024 boc
183 2963 421 3028 fundamentum
444 2963 555 3028 itidem
585 2965 774 3050 negotiuum
805 2973 870 3041 est,
893 2961 1087 3048 probatione
1116 2964 1255 3029 nullate-

114 3082 164 3125 nus
183 3062 343 3149 indigens.

203 3165 313 3250 Itaque
335 3167 389 3251 qui
411 3165 460 3230 bis
482 3167 607 3232 duabus
637 3166 785 3232 formulis
805 3168 931 3243 utitur,
960 3163 1113 3230 immunis
1142 3175 1191 3230 est
1214 3164 1254 3229 ab

115 3284 200 3330 onere
220 3266 402 3352 probandi,
425 3280 456 3332 et
476 3291 566 3346 rens,
608 3279 643 3332 ut
665 3269 714 3333 sui
735 3269 814 3333 iuris
832 3269 1060 3355 probationem
1090 3265 1254 3352 suscipiat,

113 3367 263 3450 cogendus
282 3378 343 3444 est,
366 3369 475 3433 nisisi
496 3368 659 3445 euenerit,
680 3381 715 3434 ut
736 3369 1012 3455 praescriptione,
1053 3389 1112 3432 seu
1139 3367 1254 3430 remis-

112 3463 191 3532 sione
225 3492 282 3534 seu
317 3468 420 3534 abusu
462 3471 599 3536 seruitus
630 3470 796 3554 quondam
817 3470 977 3535 exsistens
1012 3469 1118 3534 deleta
1148 3467 1253 3532 fuerit.

113 3565 175 3632 Hoc
203 3570 288 3635 enim
309 3595 387 3636 casu
407 3595 518 3636 rursus
540 3571 636 3637 debet
658 3583 746 3636 actor
768 3571 918 3658 probare,
941 3570 1017 3656 quia
1044 3570 1253 3634 fundamento

112 3667 208 3734 nititur
229 3672 437 3749 affirmatius,
459 3673 513 3750 ita,
536 3673 581 3756 (si
603 3671 680 3756 quid
703 3671 834 3757 uideo):

201 3773 276 3836 Est
302 3773 403 3838 mihi
429 3773 494 3838 ius
526 3773 576 3859 [in
598 3796 689 3839 meo:
720 3773 857 3838 seruitus
880 3773 921 3838 de
942 3797 1009 3838 non
1031 3773 1206 3854 faciendo.)

205 3875 483 3940 Fundamentum:
532 3877 608 3962 quia
628 3875 817 3940 seruitutem
839 3873 915 3939 Tibi
946 3874 1087 3939 debitam
1107 3875 1252 3960 perdidi-

204 3977 263 4054 sti,
285 3975 338 4040 uel
355 3976 610 4061 praescriptione
631 3976 684 4041 uel
705 3975 897 4042 remissione
919 3975 973 4041 uel
994 3975 1115 4040 abusu:

109 4079 134 4134 et
153 4076 262 4140 eodem
286 4077 386 4142 modo
408 4079 442 4141 in
462 4077 624 4164 negatiua.
654 4076 705 4143 Cf.
724 4076 808 4142 infra
828 4078 859 4161 §.
883 4079 942 4143 11..

202 4178 358 4244 Videmus
379 4178 498 4263 itaque,
519 4181 765 4246 VuLTflnmrvtu
784 4189 816 4242 et
836 4179 869 4242 in
889 4177 950 4244 hae
972 4178 1170 4264 quaestionis
1190 4202 1250 4244 no-

110 4283 183 4341 strae
201 4289 291 4364 parte
312 4279 441 4345 silentio
463 4280 782 4366 praetermittendum
802 4301 870 4344 non
890 4302 979 4360 esse,
1010 4303 1109 4366 quum
1127 4279 1250 4366 primus
