3067 5117
323 431 365 502 20

407 609 491 673 quae
509 586 543 652 in
565 586 717 653 secundis
740 584 859 652 tabulis
879 585 992 652 relicta
1013 596 1102 665 sunt,
1123 586 1158 653 in
1178 610 1280 653 unum
1309 586 1473 654 contribu-

401 700 516 766 untur,
536 698 700 775 tamquam
720 687 748 755 si
770 698 802 753 et
821 711 877 766 ea,
898 712 981 774 quae
1005 713 1023 755 a
1051 689 1111 754 filii
1142 687 1264 757 herede
1294 690 1479 777 reliquisset

404 803 555 869 testator,
583 812 683 857 asuo
713 787 836 856 herede
868 790 929 856 sub
961 791 1026 857 alia
1061 792 1250 859 conditione
1282 793 1459 878 legasset.“

428 896 524 978 Quae
546 893 601 959 lex
619 914 718 979 quum
740 903 773 959 et
790 916 851 979 per
871 916 908 958 se
928 893 997 959 lere
1019 892 1120 980 plana
1139 894 1191 971 sit,
1213 905 1304 961 etex
1324 896 1376 974 iis,
1397 918 1478 981 quae

325 998 424 1064 modo
448 995 677 1084 exposuimus,
697 994 912 1080 undequaque
935 994 1123 1073 illustretur,
1145 1008 1291 1075 nonest,
1314 997 1404 1083 quod
1421 997 1477 1062 ad-

325 1101 440 1167 damus
460 1095 736 1183 interpretationis
757 1095 1007 1183 gratianitaque
1028 1103 1271 1178 unum‘restat,
1298 1100 1387 1186 quod
1408 1124 1477 1165 mo·

323 1224 474 1279 neamus,
500 1200 579 1286 quid
599 1196 785 1265 faciendum
806 1198 865 1276 sit,
897 1198 925 1263 si
946 1210 1040 1286 pater
1058 1223 1100 1266 ex
1121 1211 1212 1287 parte
1233 1200 1302 1266 lilio
1334 1201 1477 1267 instituto

324 1302 523 1369 substituerit
542 1312 573 1367 et
598 1300 694 1367 etiam
716 1322 735 1365 a
757 1297 929 1367 substituto
950 1300 1131 1389 legauerit?
1171 1303 1283 1369 Facile
1305 1304 1393 1369 enim
1409 1305 1477 1390 quis

324 1405 459 1483 dixerit,
484 1426 584 1490 quum
604 1412 696 1491 pater
714 1400 766 1467 de
787 1425 862 1467 suo
882 1402 1058 1489 leganerit,
1080 1404 1115 1470 id
1135 1406 1377 1491 respiciendam
1398 1430 1478 1484 esse,

324 1506 413 1595 quod
434 1506 587 1584 omnino,
609 1526 708 1592 quum
732 1515 929 1585 moreretur,
958 1504 1116 1571 habuerit.
1159 1507 1229 1575 Sed
1249 1508 1357 1574 statim
1377 1510 1478 1575 eonii-

324 1610 446 1676 oiemus
466 1609 613 1676 exL-ll.
634 1606 715 1691 So,
739 1628 823 1692 quae
840 1607 924 1674 infra
940 1608 1088 1695 pluribus
1112 1608 1337 1695 explicabitur,
1359 1612 1478 1677 dudum

323 1712 413 1777 illam
436 1710 626 1797 opinionem
647 1707 748 1774 luisse
769 1707 976 1795 reprobatam
1002 1720 1034 1775 et
1064 1709 1224 1776 rationem
1251 1712 1420 1779 Falcidiae
1446 1715 1477 1777 in

324 1838 365 1880 ea
383 1812 564 1879 substantia
583 1822 707 1877 tantum
729 1810 895 1887 adhiberi,
925 1834 1026 1896 quum
1045 1822 1139 1898 pater
1160 1812 1229 1878 filio
1251 1837 1293 1880 ex
1312 1828 1406 1902 parte
1429 1818 1475 1881 in·

323 1917 432 1982 stituto
454 1913 630 2000 reliquerit.
1141 1907 1146 1917 ⁸

797 2070 998 2083 -—-.--......

862 2304 894 2387 §-
915 2305 946 2371 r.

375 2472 668 2539 ovumnuoovm
685 2470 853 2523 larvatos
875 2470 935 2521 SIT
954 2470 1072 2523 RATIO
1090 2472 1202 2525 LEGIS
1221 2474 1426 2528 FALCIDIAE

505 2581 705 2635 COHEREDF
721 2579 825 2631 FILIO
845 2578 1026 2631 IMPVBERI
1045 2578 1292 2633 SVBSTITVTO.

425 2736 534 2804 Priori
564 2734 771 2825 paragrapho
806 2734 1063 2802 demonstratum
1094 2746 1163 2815 est,
1202 2736 1473 2822 quemadmodum

321 2842 404 2909 ratio
431 2840 516 2927 legis
540 2837 707 2905 Falcidiae
735 2836 922 2903 inducenda
943 2838 994 2915 sit,
1016 2838 1044 2902 si
1063 2836 1132 2902 filio
1153 2837 1211 2901 uni
1231 2861 1250 2903 a
1270 2850 1364 2925 patre
1385 2840 1472 2904 insti-

321 2955 389 3011 tuto
412 2964 496 3007 unus
516 2941 612 3007 luerit
632 2938 822 3007 substitutus
842 2952 874 3004 et
904 2940 933 3004 is
954 2940 1086 3026 quidem
1102 2948 1302 3004 extraneus:
1330 2940 1397 3007 iam
1425 2940 1472 3005 ui·

321 3047 475 3123 deemus,
512 3041 590 3133 quid
624 3040 767 3121 eueniat,
806 3041 834 3107 si
867 3042 1002 3110 coheres
1032 3040 1101 3106 filio
1129 3040 1291 3127 impuberi
1322 3043 1472 3108 substitu-
1523 3065 1524 3068 ’

321 3162 372 3217 tus
393 3149 444 3215 sit.

427 3250 503 3335 Qua
518 3250 551 3313 in
572 3272 606 3315 re
627 3250 738 3337 paullo
766 3248 898 3335 longius
921 3272 940 3313 a
965 3244 1137 3333 proposito
1167 3244 1324 3313 abeamus
1346 3260 1380 3315 et
1408 3249 1471 3335 pri-

319 3376 408 3419 mum
429 3350 684 3429 consideremus,
707 3350 785 3435 quid
804 3350 924 3430 laetum
944 3348 995 3425 sit,
1016 3349 1045 3414 si
1066 3348 1256 3435 simpliciter
1265 3350 1335 3417 iure
1347 3376 1471 3418 accres-

321 3452 417 3520 cendi
437 3451 490 3517 uel
510 3474 570 3537 per
591 3452 788 3517 caducorum
806 3450 1060 3516 uindicationem
1090 3451 1260 3519 coheredis
1288 3454 1471 3538 portionem

321 3556 457 3621 coheres
486 3564 651 3619 assecutus
678 3552 791 3631 fuerit,
820 3551 939 3617 deinde
972 3552 1216 3639 perquiramus,
1253 3578 1413 3640 quaenam
1440 3556 1470 3620 in

320 3655 546 3724 substitutione
566 3654 695 3741 uulgari
714 3653 849 3741 regulae
870 3653 1042 3719 uideantur
1059 3653 1251 3733 obtinuisse,
1275 3656 1416 3744 denique
1433 3657 1470 3722 ad

318 3760 423 3847 ipsam
444 3768 589 3824 nostram
610 3757 833 3843 quaestionem
852 3756 923 3821 istis
946 3755 1046 3821 adiuti
1073 3754 1354 3842 disquisitionibus
1381 3782 1469 3825 acee-

318 3861 443 3927 damus.

422 3961 462 4043 I.)
504 3960 558 4026 De
580 3960 705 4026 ratione
725 3958 893 4027 Falcidiae
923 3958 957 4023 in
991 3958 1062 4026 iure
1089 3959 1297 4026 accrescendi
1329 3956 1470 4023 ineunda

317 4065 412 4131 unice
434 4063 502 4130 lere
525 4061 641 4127 dicitur
661 4062 703 4127 L.
722 4062 774 4131 78.
795 4061 837 4128 ad
855 4062 942 4147 Leg.
961 4064 1069 4140 Falc,
1090 4062 1148 4129 ubi
1166 4061 1248 4129 haec
1270 4072 1361 4129 sunt:

397 4164 521 4249 „Quod
556 4163 583 4229 si
625 4163 779 4229 alterutro
809 4185 923 4229 eorum
951 4164 1123 4231 deficiente
1149 4164 1231 4231 alter
1258 4164 1352 4231 heres
1382 4161 1468 4227 solus

397 4266 572 4344 exstiterit,
605 4278 710 4331 uuum
737 4264 874 4353 perinde
900 4267 983 4332 ratio
1010 4265 1095 4355 legis
1123 4265 1292 4332 Falcidiae
1320 4262 1469 4331 habenda

397 4370 453 4449 sit,
475 4390 513 4435 ae
536 4368 564 4435 si
586 4368 691 4434 statim
721 4368 762 4434 ab
781 4367 875 4433 initio
897 4360 928 4434 is'
948 4367 1038 4435 solus
1064 4368 1159 4437 heres
1183 4368 1346 4435 institutus
1374 4374 1467 4439 esset,
