3067 5117
281 430 341 501 180

384 580 485 664 Quod
504 603 584 648 uero
606 581 736 668 saepius
759 581 825 648 iam
846 579 1000 657 diximus,
1022 580 1257 646 confessoriam
1279 581 1380 648 otiam
1403 599 1445 647 ex

282 681 427 748 dominio
443 701 541 768 posse
563 681 664 759 nasci,
686 705 751 767 quo
773 703 852 747 casu
873 682 1010 748 dominii
1032 681 1260 768 probationem
1281 681 1445 747 exhiben-

282 783 357 850 dam
385 807 458 850 6666
488 793 742 850 consentaneum
773 793 839 860 est,
867 785 937 850 eius
966 782 1151 868 exemplum
1172 782 1358 848 uidebimus
1383 808 1445 868 pa-

282 883 444 972 ragrapho
463 883 558 950 huius
579 883 860 951 commentationis
880 881 1003 949 ultima,
1042 884 1105 948 Est
1125 894 1232 948 autem
1253 883 1335 949 baec
1357 885 1446 950 actio

282 985 373 1052 talis:
407 984 445 1052 si
467 985 540 1070 quis
563 985 714 1050 dominus
735 985 857 1063 nescit,
889 1009 930 1051 an
959 982 1069 1050 uicino
1096 983 1215 1048 debeat
1240 985 1446 1061 seruitutem,

284 1086 483 1152 confessorie
506 1109 546 1151 ex
567 1084 712 1150 dominio
735 1086 776 1152 de
795 1107 834 1151 66
855 1086 925 1151 iure
953 1084 1038 1170 agit,
1064 1082 1153 1169 quod
1181 1085 1335 1151 seruitute
1365 1110 1448 1152 uere

285 1187 394 1254 debita
421 1187 565 1252 dominio
595 1211 653 1253 666
685 1186 859 1252 excideret.
902 1185 1006 1252 Cuius
1034 1185 1170 1252 actionis
1196 1208 1297 1250 unum
1318 1197 1448 1252 tantum

285 1288 469 1375 exemplum
492 1289 569 1353 noui
591 1289 632 1352 L.
657 1289 705 1356 15.
730 1287 771 1352 de
797 1286 841 1352 Ο.
860 1288 901 1354 Ν.
921 1287 984 1352 N.:

437 1407 469 1454 sl
489 1435 496 1453 ·
517 1409 632 1456 PARET
655 1430 671 1454 .·
688 1407 771 1454 MIHI
794 1434 802 1450 ι
824 1405 882 1452 IVS
907 1434 914 1452 .
934 1407 1044 1455 ESSE·
1068 1405 1196 1456 ALTIVS
1217 1407 1447 1458 tironensem.

436 1495 654 1556 rnv1r0.n⁰
679 1496 751 1556 .n⁰
777 1539 785 1554 .

288 1613 352 1676 666
380 1613 456 1656 casu
477 1613 544 1656 non
565 1591 729 1668 seruitute,
751 1593 810 1658 sed
830 1589 976 1657 dominio
995 1600 1084 1656 actor
1100 1590 1211 1656 nititur
1231 1601 1263 1656 61
1280 1590 1343 1656 hoo
1365 1615 1447 1677 pro-

287 1691 363 1758 bato
383 1691 487 1758 uictor
509 1691 657 1768 discedit,
679 1691 742 1756 6161
764 1692 971 1759 aduersarius
993 1692 1181 1756 seruitutem
1196 1703 1310 1757 contra
1323 1693 1447 1778 proba-

288 1793 389 1871 uerit,
419 1793 471 1858 cui
501 1803 590 1858 actor
610 1815 721 1857 rursus
741 1793 899 1860 libertatis
931 1793 1166 1878 usucapionem
1193 1793 1248 1858 uel
1277 1794 1446 1860 remissio-

288 1916 364 1960 nem
385 1893 547 1958 seruitutis
568 1892 686 1978 poterit
703 1916 884 1981 opponere.
925 1895 993 1962 Sed
1014 1893 1084 1960 boc.
1098 1895 1247 1959 ultimum
1267 1910 1344 1960 raro¹
1367 1914 1446 1960 eue-

289 1994 366 2060 niet.
421 1995 541 2060 Melius
572 1995 658 2058 enim
687 1994 837 2061 dominus
866 1998 916 2061 ius
939 2012 1034 2062 suum
1054 1995 1218 2061 exercebit
1238 2007 1272 2062 et
1292 1999 1448 2064 aduersa-

289 2096 373 2162 rium
392 2095 487 2162 faciet
508 2107 659 2173 actorem,
682 2119 746 2180 quo
768 2098 853 2163 facto
879 2099 950 2184 ipse
974 2121 1013 2164 ea
1026 2098 1219 2183 exceptione
1231 2100 1341 2178 utitur,
1361 2123 1446 2186 quae

293 2196 356 2262 alio
380 2218 457 2262 casu
477 2196 644 2282 replicatio
666 2196 791 2261 fuisset.

768 2492 968 2500 ὴ*-

838 2813 870 2896 s.
892 2815 939 2879 12.

359 2998 412 3048 ΙΙΙ.
448 2998 498 3048 DE
521 2998 641 3050 ONERE
662 2997 852 3048 PROBANDI
870 2997 910 3046 IN
926 2997 1156 3048 ACTIONIBVS
1174 2997 1441 3052 PROHIBITORIA

727 3104 776 3153 ΕΤ
795 3103 1025 3154 NEGATORIA.

574 3255 595 3312 l.
631 3267 655 3316 L.
675 3255 700 3312 5.
719 3267 763 3316 PR..
783 3267 812 3318 SI
830 3265 1025 3318 YSVSFRWNS
1044 3262 1104 3326 (VII.
1123 3257 1165 3324 6.).

393 3433 578 3515 Antequam
610 3430 699 3515 ipsas
739 3429 882 3494 actiones
912 3428 1159 3514 prohibitoriam
1183 3441 1214 3494 et
1244 3431 1439 3516 negatoriam

290 3533 492 3598 fundamenti
526 3530 714 3594 intentionis
744 3530 931 3615 requirendi
963 3549 1080 3594 caussa
1097 3530 1204 3595 acrius
1225 3530 1438 3616 inspiciemus,

288 3658 394 3720 pauca
413 3631 618 3720 praemittere
638 3630 735 3696 liceat
756 3630 797 3696 de
819 3633 860 3695 L.
881 3634 912 3697 5.
932 3652 982 3717 pr.
1001 3631 1029 3694 61
1049 3629 1139 3706 usin,
1158 3652 1255 3714 quam
1274 3634 1439 3716 6661116-

287 3752 497 3800 rELArtmvm
518 3731 603 3796 n.X.
627 3732 726 3796 uariis
747 3732 958 3818 interpretum
979 3732 1149 3798 conatibus
1167 3742 1317 3798 uexatam
1338 3735 1439 3798 uideo.

290 3837 390 3918 Quod
412 3838 645 3923 fragmentum,
679 3851 778 3918 quum
807 3833 937 3919 saepius
967 3845 998 3897 61
1018 3832 1177 3897 monitum
1198 3831 1288 3899 61161
1308 3857 1438 3899 monen-

291 3937 385 4013 dum,
409 3949 531 4002 textum
553 3938 621 4002 eius
645 3953 812 4021 opponere
832 3935 956 4020 placet:

368 4038 446 4114 „Vti
465 4039 529 4103 frui
551 4040 601 4103 ius
626 4037 688 4102 sibi
710 4057 801 4111 esse,
824 4036 913 4100 66166
935 4045 1044 4121 potest
1064 4035 1250 4112 intendere,
1274 4035 1330 4120 qui
1350 4035 1440 4100 habet

367 4139 616 4203 usumfructum:
634 4137 786 4203 dominus
808 4149 915 4201 autem
934 4137 1026 4200 fundi
1048 4159 1115 4201 non
1136 4146 1254 4221 potest,
1279 4137 1365 4221 quia,
1389 4136 1440 4220 661

367 4237 465 4302 habet
502 4241 748 4326 proprietatem,
787 4238 899 4301 utendi
924 4237 1054 4302 fruendi
1084 4238 1135 4301 ius
1165 4249 1349 4320 separatum
1377 4259 1438 4301 non

363 4339 471 4417 habet,
507 4363 568 4406 666
592 4340 678 4405 enim
698 4349 807 4424 potest
828 4339 859 4403 ei
882 4357 960 4403 6666
980 4339 1100 4404 frundun
1121 4338 1262 4404 seruirez
1290 4339 1340 4404 de
1370 4359 1436 4404 suo
