<?xml version="1.0" encoding="UTF-8"?>
<!DOCTYPE html PUBLIC "-//W3C//DTD XHTML 1.0 Transitional//EN"
    "http://www.w3.org/TR/xhtml1/DTD/xhtml1-transitional.dtd">
<html xmlns="http://www.w3.org/1999/xhtml" xml:lang="en" lang="en">
 <head>
  <title>
</title>
<meta http-equiv="Content-Type" content="text/html;charset=utf-8" />
  <meta name='ocr-system' content='tesseract 3.04.00' />
  <meta name='ocr-capabilities' content='ocr_page ocr_carea ocr_par ocr_line ocrx_word'/>
</head>
<body>
  <div class='ocr_page' id='page_1' title='image "./commentationesi00perngoog_0107.png"; bbox 0 0 3067 5117; ppageno 0'>
   <div class='ocr_carea' id='block_1_1' title="bbox 1217 375 1265 447">
    <p class='ocr_par' dir='ltr' id='par_1_1' title="bbox 1217 375 1265 447">
     <span class='ocr_line' id='line_1_1' title="bbox 1217 375 1265 447; baseline 0.042 -2"><span class='ocrx_word' id='word_1_1' title='bbox 1217 375 1265 447; x_wconf 85' lang='grc'>89</span> 
     </span>
    </p>
   </div>
   <div class='ocr_carea' id='block_1_2' title="bbox 22 529 1265 1542">
    <p class='ocr_par' dir='ltr' id='par_1_2' title="bbox 22 529 1265 1542">
     <span class='ocr_line' id='line_1_2' title="bbox 115 529 1264 624; baseline -0.005 -19"><span class='ocrx_word' id='word_1_2' title='bbox 115 539 282 607; x_wconf 90' lang='lat' dir='ltr'>inuenitur.</span> <span class='ocrx_word' id='word_1_3' title='bbox 326 539 428 623; x_wconf 84' lang='lat' dir='ltr'>Quod</span> <span class='ocrx_word' id='word_1_4' title='bbox 448 536 622 624; x_wconf 85' lang='lat' dir='ltr'>posterius,</span> <span class='ocrx_word' id='word_1_5' title='bbox 649 553 750 620; x_wconf 88' lang='lat' dir='ltr'>quum</span> <span class='ocrx_word' id='word_1_6' title='bbox 770 529 904 599; x_wconf 83' lang='lat' dir='ltr'>leuioris</span> <span class='ocrx_word' id='word_1_7' title='bbox 926 530 967 597; x_wconf 86' lang='lat' dir='ltr'>sit</span> <span class='ocrx_word' id='word_1_8' title='bbox 988 532 1146 599; x_wconf 81' lang='lat' dir='ltr'>momenti</span> <span class='ocrx_word' id='word_1_9' title='bbox 1166 532 1264 617; x_wconf 86' lang='lat' dir='ltr'>(nihil</span> 
     </span>
     <span class='ocr_line' id='line_1_3' title="bbox 116 633 1265 723; baseline -0.006 -19"><span class='ocrx_word' id='word_1_10' title='bbox 116 642 196 705; x_wconf 92' lang='lat' dir='ltr'>enim</span> <span class='ocrx_word' id='word_1_11' title='bbox 215 642 368 718; x_wconf 90' lang='lat' dir='ltr'>interest,</span> <span class='ocrx_word' id='word_1_12' title='bbox 397 650 502 704; x_wconf 90' lang='lat' dir='ltr'>utrum</span> <span class='ocrx_word' id='word_1_13' title='bbox 530 638 657 723; x_wconf 86' lang='lat' dir='ltr'>legatur</span> <span class='ocrx_word' id='word_1_14' title='bbox 681 635 763 700; x_wconf 89' lang='lat' dir='ltr'>haee</span> <span class='ocrx_word' id='word_1_15' title='bbox 789 656 853 699; x_wconf 87' lang='lat' dir='ltr'>vox</span> <span class='ocrx_word' id='word_1_16' title='bbox 880 656 940 699; x_wconf 85' lang='lat' dir='ltr'>nee</span> <span class='ocrx_word' id='word_1_17' title='bbox 963 634 1039 717; x_wconf 82' lang='lat' dir='ltr'>ne),</span> <span class='ocrx_word' id='word_1_18' title='bbox 1073 634 1163 720; x_wconf 89' lang='lat' dir='ltr'>prius</span> <span class='ocrx_word' id='word_1_19' title='bbox 1183 633 1265 697; x_wconf 93' lang='lat' dir='ltr'>illud</span> 
     </span>
     <span class='ocr_line' id='line_1_4' title="bbox 115 734 1265 821; baseline -0.006 -14"><span class='ocrx_word' id='word_1_20' title='bbox 115 742 192 809; x_wconf 91' lang='lat' dir='ltr'>haue</span> <span class='ocrx_word' id='word_1_21' title='bbox 214 743 295 807; x_wconf 90' lang='lat' dir='ltr'>mihi</span> <span class='ocrx_word' id='word_1_22' title='bbox 317 740 465 807; x_wconf 78' lang='lat' dir='ltr'><strong>submisit</strong></span> <span class='ocrx_word' id='word_1_23' title='bbox 493 737 770 812; x_wconf 74' lang='lat' dir='ltr'>emendationem,</span> <span class='ocrx_word' id='word_1_24' title='bbox 802 758 866 821; x_wconf 88' lang='lat' dir='ltr'>qua</span> <span class='ocrx_word' id='word_1_25' title='bbox 887 744 919 801; x_wconf 91' lang='lat' dir='ltr'>et</span> <span class='ocrx_word' id='word_1_26' title='bbox 940 734 1144 801; x_wconf 81' lang='lat' dir='ltr'>difficultates</span> <span class='ocrx_word' id='word_1_27' title='bbox 1166 757 1265 820; x_wconf 82' lang='lat' dir='ltr'>supra</span> 
     </span>
     <span class='ocr_line' id='line_1_5' title="bbox 116 836 1263 927; baseline -0.008 -18"><span class='ocrx_word' id='word_1_28' title='bbox 116 854 305 912; x_wconf 82' lang='lat' dir='ltr'>memoratae</span> <span class='ocrx_word' id='word_1_29' title='bbox 334 865 449 908; x_wconf 89' lang='lat' dir='ltr'>omnes</span> <span class='ocrx_word' id='word_1_30' title='bbox 479 840 676 927; x_wconf 79' lang='lat' dir='ltr'>dissipantur</span> <span class='ocrx_word' id='word_1_31' title='bbox 710 848 742 903; x_wconf 94' lang='lat' dir='ltr'>et</span> <span class='ocrx_word' id='word_1_32' title='bbox 770 836 891 923; x_wconf 89' lang='lat' dir='ltr'>optime</span> <span class='ocrx_word' id='word_1_33' title='bbox 919 859 993 903; x_wconf 89' lang='lat' dir='ltr'>eum</span> <span class='ocrx_word' id='word_1_34' title='bbox 1018 838 1059 903; x_wconf 84' lang='lat' dir='ltr'>L.</span> <span class='ocrx_word' id='word_1_35' title='bbox 1084 837 1152 903; x_wconf 85' lang='lat'><strong>103.</strong></span> <span class='ocrx_word' id='word_1_36' title='bbox 1180 838 1212 921; x_wconf 74' lang='lat'>§-</span> <span class='ocrx_word' id='word_1_37' title='bbox 1233 838 1263 905; x_wconf 81' lang='lat'>2.</span> 
     </span>
     <span class='ocr_line' id='line_1_6' title="bbox 116 942 563 1013; baseline -0.018 -1"><span class='ocrx_word' id='word_1_38' title='bbox 116 947 163 1013; x_wconf 84' lang='lat' dir='ltr'>eit.</span> <span class='ocrx_word' id='word_1_39' title='bbox 181 946 262 1012; x_wconf 89' lang='lat' dir='ltr'>haee</span> <span class='ocrx_word' id='word_1_40' title='bbox 280 946 336 1012; x_wconf 83' lang='lat' dir='ltr'>lex</span> <span class='ocrx_word' id='word_1_41' title='bbox 356 942 563 1009; x_wconf 78' lang='lat' dir='ltr'>conciliatur:</span> 
     </span>
     <span class='ocr_line' id='line_1_7' title="bbox 188 1039 1263 1133; baseline -0.007 -21"><span class='ocrx_word' id='word_1_42' title='bbox 188 1048 279 1125; x_wconf 92' lang='lat' dir='ltr'>„ita,</span> <span class='ocrx_word' id='word_1_43' title='bbox 313 1056 349 1111; x_wconf 93' lang='lat' dir='ltr'>ut</span> <span class='ocrx_word' id='word_1_44' title='bbox 373 1054 552 1133; x_wconf 83' lang='lat' dir='ltr'>augeantur</span> <span class='ocrx_word' id='word_1_45' title='bbox 584 1040 717 1127; x_wconf 81' lang='lat' dir='ltr'>(legata)</span> <span class='ocrx_word' id='word_1_46' title='bbox 746 1048 916 1126; x_wconf 88' lang='lat' dir='ltr'>praeter</span> <span class='ocrx_word' id='word_1_47' title='bbox 944 1062 1007 1117; x_wconf 88' lang='lat' dir='ltr'>ea,</span> <span class='ocrx_word' id='word_1_48' title='bbox 1043 1061 1148 1125; x_wconf 88' lang='lat' dir='ltr'>quae</span> <span class='ocrx_word' id='word_1_49' title='bbox 1176 1039 1263 1105; x_wconf 87' lang='lat' dir='ltr'>filius</span> 
     </span>
     <span class='ocr_line' id='line_1_8' title="bbox 189 1140 1265 1221; baseline -0.007 -6"><span class='ocrx_word' id='word_1_50' title='bbox 189 1148 352 1215; x_wconf 83' lang='lat' dir='ltr'>extraneis</span> <span class='ocrx_word' id='word_1_51' title='bbox 380 1143 594 1221; x_wconf 85' lang='lat' dir='ltr'>debuerit,</span> <span class='ocrx_word' id='word_1_52' title='bbox 633 1153 671 1207; x_wconf 93' lang='lat' dir='ltr'>et</span> <span class='ocrx_word' id='word_1_53' title='bbox 697 1140 759 1206; x_wconf 90' lang='lat' dir='ltr'>sio</span> <span class='ocrx_word' id='word_1_54' title='bbox 784 1163 932 1207; x_wconf 82' lang='lat' dir='ltr'>erescere</span> <span class='ocrx_word' id='word_1_55' title='bbox 955 1165 975 1209; x_wconf 90' lang='lat' dir='ltr'>a</span> <span class='ocrx_word' id='word_1_56' title='bbox 997 1141 1168 1207; x_wconf 89' lang='lat' dir='ltr'>substituto</span> <span class='ocrx_word' id='word_1_57' title='bbox 1189 1141 1265 1207; x_wconf 87' lang='lat' dir='ltr'>data</span> 
     </span>
     <span class='ocr_line' id='line_1_9' title="bbox 187 1249 418 1336; baseline -0.009 -21"><span class='ocrx_word' id='word_1_58' title='bbox 187 1249 323 1336; x_wconf 86' lang='lat' dir='ltr'>legata“</span> <span class='ocrx_word' id='word_1_59' title='bbox 346 1257 418 1324; x_wconf 76' lang='lat' dir='ltr'>eto,</span> 
     </span>
     <span class='ocr_line' id='line_1_10' title="bbox 117 1344 1264 1433; baseline -0.007 -14"><span class='ocrx_word' id='word_1_60' title='bbox 117 1364 144 1419; x_wconf 91' lang='lat' dir='ltr'>et</span> <span class='ocrx_word' id='word_1_61' title='bbox 170 1352 234 1418; x_wconf 86' lang='lat' dir='ltr'>iam</span> <span class='ocrx_word' id='word_1_62' title='bbox 262 1350 361 1416; x_wconf 86' lang='lat' dir='ltr'>talem</span> <span class='ocrx_word' id='word_1_63' title='bbox 387 1347 449 1413; x_wconf 89' lang='lat' dir='ltr'>sibi</span> <span class='ocrx_word' id='word_1_64' title='bbox 469 1348 683 1411; x_wconf 68' lang='lat' dir='ltr'>Armorum</span> <span class='ocrx_word' id='word_1_65' title='bbox 708 1366 821 1409; x_wconf 85' lang='lat' dir='ltr'>casum</span> <span class='ocrx_word' id='word_1_66' title='bbox 850 1344 984 1411; x_wconf 88' lang='lat' dir='ltr'>finxisse</span> <span class='ocrx_word' id='word_1_67' title='bbox 1005 1346 1185 1433; x_wconf 87' lang='lat' dir='ltr'>putandum</span> <span class='ocrx_word' id='word_1_68' title='bbox 1204 1356 1264 1425; x_wconf 89' lang='lat' dir='ltr'>est,</span> 
     </span>
     <span class='ocr_line' id='line_1_11' title="bbox 22 1446 1264 1542; baseline -0.004 -23"><span class='ocrx_word' id='word_1_69' title='bbox 22 1537 23 1542; x_wconf 8' lang='grc' dir='ltr'>η</span> <span class='ocrx_word' id='word_1_70' title='bbox 117 1454 141 1519; x_wconf 86' lang='lat' dir='ltr'>si</span> <span class='ocrx_word' id='word_1_71' title='bbox 166 1452 292 1539; x_wconf 90' lang='lat' dir='ltr'>pupillo</span> <span class='ocrx_word' id='word_1_72' title='bbox 328 1460 462 1537; x_wconf 87' lang='lat' dir='ltr'>propter</span> <span class='ocrx_word' id='word_1_73' title='bbox 489 1448 599 1534; x_wconf 87' lang='lat' dir='ltr'>legata</span> <span class='ocrx_word' id='word_1_74' title='bbox 634 1446 778 1533; x_wconf 87' lang='lat' dir='ltr'>exeeptis</span> <span class='ocrx_word' id='word_1_75' title='bbox 807 1446 1003 1531; x_wconf 88' lang='lat' dir='ltr'>praestanda</span> <span class='ocrx_word' id='word_1_76' title='bbox 1039 1446 1123 1513; x_wconf 89' lang='lat' dir='ltr'>inter</span> <span class='ocrx_word' id='word_1_77' title='bbox 1150 1471 1264 1517; x_wconf 88' lang='lat' dir='ltr'>omnes</span> 
     </span>
    </p>
   </div>
   <div class='ocr_carea' id='block_1_3' title="bbox 22 1546 1265 1636">
    <p class='ocr_par' dir='ltr' id='par_1_3' title="bbox 22 1546 1265 1636">
     <span class='ocr_line' id='line_1_12' title="bbox 22 1546 1265 1636; baseline -0.001 -18"><span class='ocrx_word' id='word_1_78' title='bbox 22 1609 23 1618; x_wconf 73' lang='grc'>,</span> <span class='ocrx_word' id='word_1_79' title='bbox 116 1554 244 1636; x_wconf 84' lang='lat' dir='ltr'>heredes</span> <span class='ocrx_word' id='word_1_80' title='bbox 285 1550 456 1616; x_wconf 87' lang='lat' dir='ltr'>distributa</span> <span class='ocrx_word' id='word_1_81' title='bbox 491 1548 566 1635; x_wconf 92' lang='lat' dir='ltr'>plus</span> <span class='ocrx_word' id='word_1_82' title='bbox 603 1571 717 1614; x_wconf 91' lang='lat' dir='ltr'>eorum</span> <span class='ocrx_word' id='word_1_83' title='bbox 748 1546 937 1635; x_wconf 86' lang='lat' dir='ltr'>impositum</span> <span class='ocrx_word' id='word_1_84' title='bbox 966 1548 1024 1627; x_wconf 88' lang='lat' dir='ltr'>sit,</span> <span class='ocrx_word' id='word_1_85' title='bbox 1061 1572 1159 1635; x_wconf 88' lang='lat' dir='ltr'>quarn</span> <span class='ocrx_word' id='word_1_86' title='bbox 1190 1562 1265 1617; x_wconf 87' lang='lat' dir='ltr'>ante</span> 
     </span>
    </p>
   </div>
   <div class='ocr_carea' id='block_1_4' title="bbox 22 1650 1264 2050">
    <p class='ocr_par' dir='ltr' id='par_1_4' title="bbox 117 1650 666 1722">
     <span class='ocr_line' id='line_1_13' title="bbox 117 1650 666 1722; baseline -0.018 0"><span class='ocrx_word' id='word_1_87' title='bbox 117 1656 249 1722; x_wconf 88' lang='lat' dir='ltr'>edietum</span> <span class='ocrx_word' id='word_1_88' title='bbox 270 1652 479 1719; x_wconf 83' lang='lat' dir='ltr'>commissum</span> <span class='ocrx_word' id='word_1_89' title='bbox 500 1650 666 1716; x_wconf 87' lang='lat' dir='ltr'>debuerat.</span> 
     </span>
    </p>

    <p class='ocr_par' dir='ltr' id='par_1_5' title="bbox 22 1750 1264 2050">
     <span class='ocr_line' id='line_1_14' title="bbox 209 1750 1264 1838; baseline -0.005 -16"><span class='ocrx_word' id='word_1_90' title='bbox 209 1757 270 1822; x_wconf 89' lang='grc' dir='ltr'>ΠΙ.</span> <span class='ocrx_word' id='word_1_91' title='bbox 310 1756 374 1819; x_wconf 90' lang='lat' dir='ltr'>His</span> <span class='ocrx_word' id='word_1_92' title='bbox 402 1754 511 1838; x_wconf 89' lang='lat' dir='ltr'>itaque</span> <span class='ocrx_word' id='word_1_93' title='bbox 537 1750 694 1817; x_wconf 81' lang='lat' dir='ltr'>absolutis</span> <span class='ocrx_word' id='word_1_94' title='bbox 723 1751 765 1816; x_wconf 90' lang='lat' dir='ltr'>ad</span> <span class='ocrx_word' id='word_1_95' title='bbox 793 1750 920 1815; x_wconf 88' lang='lat' dir='ltr'>tertiam</span> <span class='ocrx_word' id='word_1_96' title='bbox 952 1774 1013 1817; x_wconf 90' lang='lat' dir='ltr'>nos</span> <span class='ocrx_word' id='word_1_97' title='bbox 1037 1762 1264 1819; x_wconf 81' lang='lat' dir='ltr'>sonuertemus</span> 
     </span>
     <span class='ocr_line' id='line_1_15' title="bbox 22 1852 1264 1946; baseline -0.001 -25"><span class='ocrx_word' id='word_1_98' title='bbox 22 1887 23 1946; x_wconf 56' lang='lat'><strong>3</strong></span> <span class='ocrx_word' id='word_1_99' title='bbox 117 1858 337 1944; x_wconf 84' lang='lat' dir='ltr'>disputationis</span> <span class='ocrx_word' id='word_1_100' title='bbox 363 1855 459 1920; x_wconf 91' lang='lat' dir='ltr'>huius</span> <span class='ocrx_word' id='word_1_101' title='bbox 481 1862 624 1940; x_wconf 86' lang='lat' dir='ltr'>partem,</span> <span class='ocrx_word' id='word_1_102' title='bbox 653 1852 793 1929; x_wconf 89' lang='lat' dir='ltr'>scilieet,</span> <span class='ocrx_word' id='word_1_103' title='bbox 823 1862 859 1916; x_wconf 92' lang='lat' dir='ltr'>ut</span> <span class='ocrx_word' id='word_1_104' title='bbox 886 1852 1160 1936; x_wconf 86' lang='lat' dir='ltr'>quemadmodum</span> <span class='ocrx_word' id='word_1_105' title='bbox 1180 1854 1264 1941; x_wconf 87' lang='lat' dir='ltr'>legis</span> 
     </span>
     <span class='ocr_line' id='line_1_16' title="bbox 22 1952 1264 2050; baseline 0 -28"><span class='ocrx_word' id='word_1_106' title='bbox 22 1955 23 2050; x_wconf 66' lang='lat' dir='ltr'>i</span> <span class='ocrx_word' id='word_1_107' title='bbox 117 1958 274 2024; x_wconf 81' lang='lat' dir='ltr'>Falcidiae</span> <span class='ocrx_word' id='word_1_108' title='bbox 297 1959 380 2025; x_wconf 91' lang='lat' dir='ltr'>ratio</span> <span class='ocrx_word' id='word_1_109' title='bbox 402 1957 545 2032; x_wconf 89' lang='lat' dir='ltr'>ineatur,</span> <span class='ocrx_word' id='word_1_110' title='bbox 572 1952 602 2018; x_wconf 91' lang='lat' dir='ltr'>si</span> <span class='ocrx_word' id='word_1_111' title='bbox 622 1952 767 2039; x_wconf 90' lang='lat' dir='ltr'>utrisque</span> <span class='ocrx_word' id='word_1_112' title='bbox 789 1953 906 2020; x_wconf 89' lang='lat' dir='ltr'>tabulis</span> <span class='ocrx_word' id='word_1_113' title='bbox 927 1953 1036 2039; x_wconf 87' lang='lat' dir='ltr'>legata</span> <span class='ocrx_word' id='word_1_114' title='bbox 1057 1954 1122 2019; x_wconf 85' lang='lat' dir='ltr'>sint</span> <span class='ocrx_word' id='word_1_115' title='bbox 1141 1954 1264 2034; x_wconf 89' lang='lat' dir='ltr'>reliota,</span> 
     </span>
    </p>
   </div>
   <div class='ocr_carea' id='block_1_5' title="bbox 22 2059 296 2127">
    <p class='ocr_par' dir='ltr' id='par_1_6' title="bbox 22 2059 296 2127">
     <span class='ocr_line' id='line_1_17' title="bbox 22 2059 296 2127; baseline 0 -4"><span class='ocrx_word' id='word_1_116' title='bbox 22 2063 23 2084; x_wconf 67' lang='lat'>¹</span> <span class='ocrx_word' id='word_1_117' title='bbox 118 2059 296 2127; x_wconf 81' lang='lat' dir='ltr'>doceamus.</span> 
     </span>
    </p>
   </div>
   <div class='ocr_carea' id='block_1_6' title="bbox 21 2157 1287 2551">
    <p class='ocr_par' dir='ltr' id='par_1_7' title="bbox 21 2157 1287 2551">
     <span class='ocr_line' id='line_1_18' title="bbox 22 2157 1265 2246; baseline -0.002 -18"><span class='ocrx_word' id='word_1_118' title='bbox 22 2237 23 2240; x_wconf 8' lang='grc' dir='ltr'><strong>Ἴ</strong></span> <span class='ocrx_word' id='word_1_119' title='bbox 211 2162 289 2245; x_wconf 83' lang='lat' dir='ltr'>Qua</span> <span class='ocrx_word' id='word_1_120' title='bbox 308 2163 343 2228; x_wconf 91' lang='lat' dir='ltr'>in</span> <span class='ocrx_word' id='word_1_121' title='bbox 364 2183 418 2239; x_wconf 90' lang='lat' dir='ltr'>re,</span> <span class='ocrx_word' id='word_1_122' title='bbox 453 2184 554 2246; x_wconf 90' lang='lat' dir='ltr'>quum</span> <span class='ocrx_word' id='word_1_123' title='bbox 576 2158 688 2245; x_wconf 86' lang='lat' dir='ltr'>legum</span> <span class='ocrx_word' id='word_1_124' title='bbox 714 2157 897 2243; x_wconf 90' lang='lat' dir='ltr'>praeoeptis</span> <span class='ocrx_word' id='word_1_125' title='bbox 920 2157 1052 2223; x_wconf 91' lang='lat' dir='ltr'>omnino</span> <span class='ocrx_word' id='word_1_126' title='bbox 1081 2180 1148 2225; x_wconf 92' lang='lat' dir='ltr'>non</span> <span class='ocrx_word' id='word_1_127' title='bbox 1171 2159 1265 2225; x_wconf 86' lang='lat' dir='ltr'>adiu-</span> 
     </span>
     <span class='ocr_line' id='line_1_19' title="bbox 22 2257 1267 2349; baseline 0.002 -22"><span class='ocrx_word' id='word_1_128' title='bbox 22 2257 23 2320; x_wconf 68' lang='grc' dir='ltr'>ἒ</span> <span class='ocrx_word' id='word_1_129' title='bbox 118 2284 240 2341; x_wconf 84' lang='lat' dir='ltr'>remur,</span> <span class='ocrx_word' id='word_1_130' title='bbox 274 2286 358 2349; x_wconf 91' lang='lat' dir='ltr'>opus</span> <span class='ocrx_word' id='word_1_131' title='bbox 386 2272 456 2340; x_wconf 92' lang='lat' dir='ltr'>est,</span> <span class='ocrx_word' id='word_1_132' title='bbox 489 2271 525 2327; x_wconf 90' lang='lat' dir='ltr'>ut</span> <span class='ocrx_word' id='word_1_133' title='bbox 553 2260 663 2326; x_wconf 92' lang='lat' dir='ltr'>omnia</span> <span class='ocrx_word' id='word_1_134' title='bbox 690 2282 751 2347; x_wconf 89' lang='lat' dir='ltr'>pro</span> <span class='ocrx_word' id='word_1_135' title='bbox 776 2259 828 2335; x_wconf 90' lang='lat' dir='ltr'>iis,</span> <span class='ocrx_word' id='word_1_136' title='bbox 864 2282 948 2343; x_wconf 87' lang='lat' dir='ltr'>quae</span> <span class='ocrx_word' id='word_1_137' title='bbox 975 2261 1081 2346; x_wconf 88' lang='lat' dir='ltr'>prima</span> <span class='ocrx_word' id='word_1_138' title='bbox 1105 2271 1137 2327; x_wconf 90' lang='lat' dir='ltr'>et</span> <span class='ocrx_word' id='word_1_139' title='bbox 1166 2262 1267 2329; x_wconf 86' lang='lat' dir='ltr'>altera</span> 
     </span>
     <span class='ocr_line' id='line_1_20' title="bbox 21 2350 1265 2464; baseline -0.002 -33"><span class='ocrx_word' id='word_1_140' title='bbox 21 2439 22 2464; x_wconf 23' lang='lat'>¹</span> <span class='ocrx_word' id='word_1_141' title='bbox 119 2364 305 2452; x_wconf 84' lang='lat' dir='ltr'>paragraphi</span> <span class='ocrx_word' id='word_1_142' title='bbox 331 2366 428 2431; x_wconf 88' lang='lat' dir='ltr'>huius</span> <span class='ocrx_word' id='word_1_143' title='bbox 449 2374 560 2451; x_wconf 88' lang='lat' dir='ltr'>parte,</span> <span class='ocrx_word' id='word_1_144' title='bbox 590 2372 660 2429; x_wconf 88' lang='lat' dir='ltr'>rata</span> <span class='ocrx_word' id='word_1_145' title='bbox 686 2360 870 2437; x_wconf 90' lang='lat' dir='ltr'>habuimus,</span> <span class='ocrx_word' id='word_1_146' title='bbox 894 2360 1074 2429; x_wconf 77' lang='lat' dir='ltr'>diiudicare</span> <span class='ocrx_word' id='word_1_147' title='bbox 1097 2350 1265 2443; x_wconf 78' lang='lat' dir='ltr'>conemur,</span> 
     </span>
     <span class='ocr_line' id='line_1_21' title="bbox 21 2462 1287 2551; baseline -0.004 -18"><span class='ocrx_word' id='word_1_148' title='bbox 21 2475 22 2488; x_wconf 63' lang='lat'>¹</span> <span class='ocrx_word' id='word_1_149' title='bbox 121 2466 214 2534; x_wconf 88' lang='lat' dir='ltr'>ethio</span> <span class='ocrx_word' id='word_1_150' title='bbox 233 2468 392 2534; x_wconf 89' lang='lat' dir='ltr'>memoria</span> <span class='ocrx_word' id='word_1_151' title='bbox 407 2466 504 2532; x_wconf 85' lang='lat' dir='ltr'>uobis</span> <span class='ocrx_word' id='word_1_152' title='bbox 525 2466 607 2531; x_wconf 92' lang='lat' dir='ltr'>haeo</span> <span class='ocrx_word' id='word_1_153' title='bbox 627 2486 758 2551; x_wconf 87' lang='lat' dir='ltr'>semper</span> <span class='ocrx_word' id='word_1_154' title='bbox 780 2472 855 2527; x_wconf 90' lang='lat' dir='ltr'>suut</span> <span class='ocrx_word' id='word_1_155' title='bbox 875 2464 1033 2531; x_wconf 85' lang='lat' dir='ltr'>tenenda:</span> <span class='ocrx_word' id='word_1_156' title='bbox 1283 2462 1287 2466; x_wconf 76' lang='grc'><strong><em>’</em></strong></span> 
     </span>
    </p>
   </div>
   <div class='ocr_carea' id='block_1_7' title="bbox 21 2582 1267 2875">
    <p class='ocr_par' dir='ltr' id='par_1_8' title="bbox 21 2582 1267 2875">
     <span class='ocr_line' id='line_1_22' title="bbox 21 2582 1267 2672; baseline 0 -21"><span class='ocrx_word' id='word_1_157' title='bbox 21 2643 22 2668; x_wconf 62' lang='lat'>,</span> <span class='ocrx_word' id='word_1_158' title='bbox 213 2589 262 2664; x_wconf 82' lang='lat'>1⁰,</span> <span class='ocrx_word' id='word_1_159' title='bbox 292 2587 460 2671; x_wconf 85' lang='lat' dir='ltr'>Legata</span> <span class='ocrx_word' id='word_1_160' title='bbox 481 2582 675 2669; x_wconf 86' lang='lat' dir='ltr'>exeeptis</span> <span class='ocrx_word' id='word_1_161' title='bbox 695 2582 895 2669; x_wconf 91' lang='lat' dir='ltr'>personis</span> <span class='ocrx_word' id='word_1_162' title='bbox 927 2582 1073 2649; x_wconf 88' lang='lat' dir='ltr'>debita</span> <span class='ocrx_word' id='word_1_163' title='bbox 1103 2607 1267 2672; x_wconf 87' lang='lat' dir='ltr'>semper</span> 
     </span>
     <span class='ocr_line' id='line_1_23' title="bbox 21 2675 1265 2773; baseline 0.002 -24"><span class='ocrx_word' id='word_1_164' title='bbox 21 2675 22 2742; x_wconf 63' lang='lat' dir='ltr'>i</span> <span class='ocrx_word' id='word_1_165' title='bbox 124 2686 251 2753; x_wconf 88' lang='lat' dir='ltr'>solida</span> <span class='ocrx_word' id='word_1_166' title='bbox 268 2696 364 2753; x_wconf 91' lang='lat' dir='ltr'>sunt</span> <span class='ocrx_word' id='word_1_167' title='bbox 383 2683 656 2772; x_wconf 89' lang='lat' dir='ltr'>praestanda,</span> <span class='ocrx_word' id='word_1_168' title='bbox 683 2693 850 2769; x_wconf 91' lang='lat' dir='ltr'>utpote,</span> <span class='ocrx_word' id='word_1_169' title='bbox 873 2706 977 2769; x_wconf 90' lang='lat' dir='ltr'>quae</span> <span class='ocrx_word' id='word_1_170' title='bbox 998 2685 1145 2754; x_wconf 89' lang='lat' dir='ltr'>uirilis</span> <span class='ocrx_word' id='word_1_171' title='bbox 1165 2708 1265 2773; x_wconf 91' lang='lat' dir='ltr'>por-</span> 
     </span>
     <span class='ocr_line' id='line_1_24' title="bbox 124 2784 756 2875; baseline 0 -26"><span class='ocrx_word' id='word_1_172' title='bbox 124 2785 241 2854; x_wconf 87' lang='lat' dir='ltr'>tionis</span> <span class='ocrx_word' id='word_1_173' title='bbox 269 2798 411 2875; x_wconf 89' lang='lat' dir='ltr'>partes</span> <span class='ocrx_word' id='word_1_174' title='bbox 437 2784 756 2868; x_wconf 56' lang='lat' dir='ltr'>sustineantss).</span> 
     </span>
    </p>
   </div>
   <div class='ocr_carea' id='block_1_8' title="bbox 121 2905 1269 3297">
    <p class='ocr_par' dir='ltr' id='par_1_9' title="bbox 121 2905 1269 3297">
     <span class='ocr_line' id='line_1_25' title="bbox 213 2905 1269 2993; baseline -0.001 -18"><span class='ocrx_word' id='word_1_175' title='bbox 213 2909 447 2993; x_wconf 79' lang='lat' dir='ltr'>2·‚Legata</span> <span class='ocrx_word' id='word_1_176' title='bbox 486 2930 506 2971; x_wconf 90' lang='lat' dir='ltr'>a</span> <span class='ocrx_word' id='word_1_177' title='bbox 544 2906 709 2993; x_wconf 89' lang='lat' dir='ltr'>pupillo</span> <span class='ocrx_word' id='word_1_178' title='bbox 753 2907 962 2973; x_wconf 84' lang='lat' dir='ltr'>extraneis</span> <span class='ocrx_word' id='word_1_179' title='bbox 1014 2905 1166 2973; x_wconf 88' lang='lat' dir='ltr'>reliota</span> <span class='ocrx_word' id='word_1_180' title='bbox 1210 2908 1269 2974; x_wconf 89' lang='lat' dir='ltr'>ita</span> 
     </span>
     <span class='ocr_line' id='line_1_26' title="bbox 123 3007 1267 3092; baseline 0.003 -21"><span class='ocrx_word' id='word_1_181' title='bbox 123 3020 383 3091; x_wconf 87' lang='lat' dir='ltr'>praestantur</span> <span class='ocrx_word' id='word_1_182' title='bbox 411 3032 432 3073; x_wconf 95' lang='lat' dir='ltr'>a</span> <span class='ocrx_word' id='word_1_183' title='bbox 451 3007 701 3084; x_wconf 91' lang='lat' dir='ltr'>substituto,</span> <span class='ocrx_word' id='word_1_184' title='bbox 731 3019 774 3072; x_wconf 93' lang='lat' dir='ltr'>ut</span> <span class='ocrx_word' id='word_1_185' title='bbox 797 3030 1010 3092; x_wconf 90' lang='lat' dir='ltr'>nunquam</span> <span class='ocrx_word' id='word_1_186' title='bbox 1041 3032 1089 3073; x_wconf 88' lang='lat' dir='ltr'>ex</span> <span class='ocrx_word' id='word_1_187' title='bbox 1109 3009 1267 3075; x_wconf 90' lang='lat' dir='ltr'>maiore</span> 
     </span>
     <span class='ocr_line' id='line_1_27' title="bbox 123 3108 1267 3195; baseline 0.005 -24"><span class='ocrx_word' id='word_1_188' title='bbox 123 3111 376 3195; x_wconf 90' lang='lat' dir='ltr'>eaportione</span> <span class='ocrx_word' id='word_1_189' title='bbox 408 3108 575 3185; x_wconf 90' lang='lat' dir='ltr'>debeat,</span> <span class='ocrx_word' id='word_1_190' title='bbox 604 3131 722 3193; x_wconf 90' lang='lat' dir='ltr'>quam</span> <span class='ocrx_word' id='word_1_191' title='bbox 749 3108 957 3174; x_wconf 90' lang='lat' dir='ltr'>bonorum</span> <span class='ocrx_word' id='word_1_192' title='bbox 987 3110 1267 3195; x_wconf 88' lang='lat' dir='ltr'>possessione</span> 
     </span>
     <span class='ocr_line' id='line_1_28' title="bbox 121 3208 998 3297; baseline 0.005 -24"><span class='ocrx_word' id='word_1_193' title='bbox 121 3232 192 3275; x_wconf 91' lang='lat' dir='ltr'>nou</span> <span class='ocrx_word' id='word_1_194' title='bbox 217 3210 513 3278; x_wconf 87' lang='lat' dir='ltr'>intercedente</span> <span class='ocrx_word' id='word_1_195' title='bbox 542 3210 733 3297; x_wconf 88' lang='lat' dir='ltr'>pupillus</span> <span class='ocrx_word' id='word_1_196' title='bbox 760 3208 998 3277; x_wconf 88' lang='lat' dir='ltr'>habuisset.</span> 
     </span>
    </p>
   </div>
   <div class='ocr_carea' id='block_1_9' title="bbox 120 3330 1268 3923">
    <p class='ocr_par' dir='ltr' id='par_1_10' title="bbox 120 3330 1268 3723">
     <span class='ocr_line' id='line_1_29' title="bbox 212 3330 1267 3419; baseline -0.002 -20"><span class='ocrx_word' id='word_1_197' title='bbox 212 3333 262 3409; x_wconf 81' lang='lat'>3⁰,</span> <span class='ocrx_word' id='word_1_198' title='bbox 286 3332 453 3417; x_wconf 85' lang='lat' dir='ltr'>Legata</span> <span class='ocrx_word' id='word_1_199' title='bbox 492 3354 511 3395; x_wconf 90' lang='lat' dir='ltr'>a</span> <span class='ocrx_word' id='word_1_200' title='bbox 545 3330 778 3395; x_wconf 91' lang='lat' dir='ltr'>substituto</span> <span class='ocrx_word' id='word_1_201' title='bbox 810 3330 966 3397; x_wconf 82' lang='lat' dir='ltr'>relicta</span> <span class='ocrx_word' id='word_1_202' title='bbox 1001 3354 1162 3418; x_wconf 86' lang='lat' dir='ltr'>semper</span> <span class='ocrx_word' id='word_1_203' title='bbox 1193 3355 1267 3419; x_wconf 94' lang='lat' dir='ltr'>pro</span> 
     </span>
     <span class='ocr_line' id='line_1_30' title="bbox 122 3430 1266 3519; baseline 0.005 -27"><span class='ocrx_word' id='word_1_204' title='bbox 122 3430 273 3498; x_wconf 89' lang='lat' dir='ltr'>uiribus</span> <span class='ocrx_word' id='word_1_205' title='bbox 295 3432 404 3510; x_wconf 92' lang='lat' dir='ltr'>eius,</span> <span class='ocrx_word' id='word_1_206' title='bbox 432 3430 541 3519; x_wconf 90' lang='lat' dir='ltr'>quod</span> <span class='ocrx_word' id='word_1_207' title='bbox 561 3430 610 3497; x_wconf 90' lang='lat' dir='ltr'>ad</span> <span class='ocrx_word' id='word_1_208' title='bbox 632 3430 768 3518; x_wconf 89' lang='lat' dir='ltr'>ipsum</span> <span class='ocrx_word' id='word_1_209' title='bbox 795 3432 1014 3518; x_wconf 88' lang='lat' dir='ltr'>peruenit,</span> <span class='ocrx_word' id='word_1_210' title='bbox 1041 3444 1266 3519; x_wconf 91' lang='lat' dir='ltr'>praestan-</span> 
     </span>
     <span class='ocr_line' id='line_1_31' title="bbox 121 3532 1268 3622; baseline 0.005 -27"><span class='ocrx_word' id='word_1_211' title='bbox 121 3540 192 3611; x_wconf 89' lang='lat' dir='ltr'>tur,</span> <span class='ocrx_word' id='word_1_212' title='bbox 230 3534 315 3599; x_wconf 89' lang='lat' dir='ltr'>nisi</span> <span class='ocrx_word' id='word_1_213' title='bbox 357 3534 469 3622; x_wconf 91' lang='lat' dir='ltr'>quod</span> <span class='ocrx_word' id='word_1_214' title='bbox 505 3532 721 3599; x_wconf 89' lang='lat' dir='ltr'>deminuta</span> <span class='ocrx_word' id='word_1_215' title='bbox 753 3532 913 3620; x_wconf 91' lang='lat' dir='ltr'>pupilli</span> <span class='ocrx_word' id='word_1_216' title='bbox 948 3532 1192 3601; x_wconf 88' lang='lat' dir='ltr'>hereditate</span> <span class='ocrx_word' id='word_1_217' title='bbox 1230 3546 1268 3603; x_wconf 92' lang='lat' dir='ltr'>et</span> 
     </span>
     <span class='ocr_line' id='line_1_32' title="bbox 120 3633 1100 3723; baseline 0.005 -27"><span class='ocrx_word' id='word_1_218' title='bbox 120 3633 202 3719; x_wconf 94' lang='lat' dir='ltr'>ipsa</span> <span class='ocrx_word' id='word_1_219' title='bbox 230 3636 322 3723; x_wconf 88' lang='lat' dir='ltr'>pari</span> <span class='ocrx_word' id='word_1_220' title='bbox 355 3636 525 3701; x_wconf 89' lang='lat' dir='ltr'>ratione</span> <span class='ocrx_word' id='word_1_221' title='bbox 559 3634 607 3700; x_wconf 90' lang='lat' dir='ltr'>ab</span> <span class='ocrx_word' id='word_1_222' title='bbox 638 3633 767 3700; x_wconf 90' lang='lat' dir='ltr'>initio</span> <span class='ocrx_word' id='word_1_223' title='bbox 789 3634 1100 3701; x_wconf 90' lang='lat' dir='ltr'>imminuuntur.</span> 
     </span>
    </p>

    <p class='ocr_par' dir='ltr' id='par_1_11' title="bbox 121 3734 1267 3923">
     <span class='ocr_line' id='line_1_33' title="bbox 212 3734 1267 3823; baseline 0.001 -20"><span class='ocrx_word' id='word_1_224' title='bbox 212 3738 338 3803; x_wconf 87' lang='lat' dir='ltr'>Rursus</span> <span class='ocrx_word' id='word_1_225' title='bbox 360 3760 448 3802; x_wconf 91' lang='lat' dir='ltr'>noua</span> <span class='ocrx_word' id='word_1_226' title='bbox 468 3737 570 3800; x_wconf 89' lang='lat' dir='ltr'>oritur</span> <span class='ocrx_word' id='word_1_227' title='bbox 589 3737 755 3822; x_wconf 89' lang='lat' dir='ltr'>quaestio,</span> <span class='ocrx_word' id='word_1_228' title='bbox 785 3734 1059 3821; x_wconf 88' lang='lat' dir='ltr'>quemadmodum</span> <span class='ocrx_word' id='word_1_229' title='bbox 1080 3736 1187 3823; x_wconf 83' lang='lat' dir='ltr'>legata</span> <span class='ocrx_word' id='word_1_230' title='bbox 1209 3762 1267 3804; x_wconf 87' lang='lat' dir='ltr'>ex-</span> 
     </span>
     <span class='ocr_line' id='line_1_34' title="bbox 121 3837 1267 3923; baseline 0.005 -22"><span class='ocrx_word' id='word_1_231' title='bbox 121 3838 211 3923; x_wconf 86' lang='lat' dir='ltr'>eeptis</span> <span class='ocrx_word' id='word_1_232' title='bbox 234 3838 345 3906; x_wconf 88' lang='lat' dir='ltr'>debita</span> <span class='ocrx_word' id='word_1_233' title='bbox 371 3840 549 3907; x_wconf 88' lang='lat' dir='ltr'>hereditate</span> <span class='ocrx_word' id='word_1_234' title='bbox 582 3838 624 3905; x_wconf 88' lang='lat' dir='ltr'>ad</span> <span class='ocrx_word' id='word_1_235' title='bbox 646 3839 854 3906; x_wconf 89' lang='lat' dir='ltr'>substitutum</span> <span class='ocrx_word' id='word_1_236' title='bbox 880 3837 1092 3923; x_wconf 78' lang='lat' dir='ltr'>perueniante</span> <span class='ocrx_word' id='word_1_237' title='bbox 1115 3840 1267 3907; x_wconf 79' lang='lat' dir='ltr'>bonside-</span> 
     </span>
    </p>
   </div>
   <div class='ocr_carea' id='block_1_10' title="bbox 132 4051 323 4065">
    <p class='ocr_par' dir='ltr' id='par_1_12' title="bbox 132 4051 323 4065">
     <span class='ocr_line' id='line_1_35' title="bbox 132 4051 323 4065; baseline -0.005 -1"><span class='ocrx_word' id='word_1_238' title='bbox 132 4051 323 4065; x_wconf 63' lang='grc' dir='ltr'><strong>...ι-1-</strong></span> 
     </span>
    </p>
   </div>
   <div class='ocr_carea' id='block_1_11' title="bbox 124 4186 1269 4347">
    <p class='ocr_par' dir='ltr' id='par_1_13' title="bbox 124 4186 1269 4347">
     <span class='ocr_line' id='line_1_36' title="bbox 153 4186 1269 4254; baseline 0.002 -13"><span class='ocrx_word' id='word_1_239' title='bbox 153 4187 197 4253; x_wconf 76' lang='lat'>⁹³)</span> <span class='ocrx_word' id='word_1_240' title='bbox 217 4189 258 4241; x_wconf 86' lang='lat' dir='ltr'>Ct.</span> <span class='ocrx_word' id='word_1_241' title='bbox 278 4191 446 4241; x_wconf 82' lang='lat' dir='ltr'>Hrscmnrs</span> <span class='ocrx_word' id='word_1_242' title='bbox 466 4205 493 4254; x_wconf 89' lang='lat' dir='ltr'>p.</span> <span class='ocrx_word' id='word_1_243' title='bbox 512 4186 569 4252; x_wconf 77' lang='lat' dir='ltr'>te,</span> <span class='ocrx_word' id='word_1_244' title='bbox 586 4189 664 4240; x_wconf 76' lang='lat' dir='ltr'>Vin·</span> <span class='ocrx_word' id='word_1_245' title='bbox 714 4189 772 4239; x_wconf 79' lang='lat' dir='ltr'>fieri</span> <span class='ocrx_word' id='word_1_246' title='bbox 808 4188 878 4239; x_wconf 81' lang='lat' dir='ltr'>male</span> <span class='ocrx_word' id='word_1_247' title='bbox 916 4194 998 4252; x_wconf 80' lang='lat' dir='ltr'>negat</span> <span class='ocrx_word' id='word_1_248' title='bbox 1033 4188 1203 4241; x_wconf 77' lang='lat' dir='ltr'>Fanremrs</span> <span class='ocrx_word' id='word_1_249' title='bbox 1241 4205 1269 4254; x_wconf 85' lang='lat' dir='ltr'>p.</span> 
     </span>
     <span class='ocr_line' id='line_1_37' title="bbox 124 4280 784 4347; baseline 0.003 -19"><span class='ocrx_word' id='word_1_250' title='bbox 124 4292 255 4332; x_wconf 70' lang='lat' dir='ltr'>arnovius</span> <span class='ocrx_word' id='word_1_251' title='bbox 284 4282 319 4333; x_wconf 75' lang='grc' dir='ltr'>Δ.</span> <span class='ocrx_word' id='word_1_252' title='bbox 345 4298 372 4347; x_wconf 90' lang='lat' dir='ltr'>p.</span> <span class='ocrx_word' id='word_1_253' title='bbox 400 4280 471 4339; x_wconf 79' lang='lat'><strong>283..</strong></span> <span class='ocrx_word' id='word_1_254' title='bbox 522 4284 599 4333; x_wconf 80' lang='lat' dir='ltr'>Haeo</span> <span class='ocrx_word' id='word_1_255' title='bbox 625 4282 665 4331; x_wconf 83' lang='lat' dir='ltr'>ita</span> <span class='ocrx_word' id='word_1_256' title='bbox 717 4280 784 4333; x_wconf 79' lang='lat'>15⁹..</span> 
     </span>
    </p>
   </div>
   <div class='ocr_carea' id='block_1_12' title="bbox 0 0 1540 5117">
    <p class='ocr_par' dir='ltr' id='par_1_14' title="bbox 0 0 1540 5117">
     <span class='ocr_line' id='line_1_38' title="bbox 0 0 1540 5117; baseline 0 0"><span class='ocrx_word' id='word_1_257' title='bbox 0 0 1540 5117; x_wconf 95' lang='lat' dir='ltr'> </span> 
     </span>
    </p>
   </div>
  </div>
 </body>
</html>
