3067 5117
1200 383 1260 452 183

212 544 372 639 inians·

260 677 306 736 ΕΙ
335 718 342 735 .
378 674 608 735 ΨΑΙΝΕΓΛῙ
643 716 651 735 .
687 673 757 734 ΜΕ
789 719 796 733 .
832 670 1023 731 AIKAION
1053 712 1062 730 .
1088 667 1227 728 ΕΧΕΙΝ
1249 711 1258 728 .

256 795 340 856 ΤΟΥ
396 793 619 854 ΚΩΛΥΕΙΝ.
643 792 722 854 ΣΕ.
748 789 955 852 ΧΡΗΣΘΛΙ
977 835 986 852 .
1011 788 1070 850 Te
1095 834 1103 850 .
1130 787 1258 850 01'7'1.

257 913 371 974 croy
370 913 396 972 1.

211 1044 318 1131 δηλοῖ,
350 1035 404 1107 ὅτι
431 1037 599 1126 δεσπότης
627 1041 814 1108 ἐστὶνκαὶ
841 1037 1055 1108 :inomni
1078 1042 1156 1108 τδν
1182 1035 1259 1105 ἄν.

207 1143 378 1212 τίδικον
403 1148 499 1218 ταῖς
528 1139 601 1228 τῆς
629 1141 897 1218 δεσποτείας
925 1138 1257 1232 inscensum

209 1252 262 1314 καὶ
299 1245 392 1312 δοκεῖ
425 1242 484 1309 διὰ
520 1242 588 1309 τοῖν
625 1247 789 1314 τοιοδττον
824 1236 983 1333 ῥημάτων
1008 1245 1259 1332 τομφεσσδριον

206 1347 337 1434 μᾶλλον
371 1343 458 1412 otto
494 1346 539 1432 μὴ
563 1347 762 1436 νεηοτδριον
790 1354 915 1426 κινεῖν,
940 1340 993 1412 δτι
1013 1346 1120 1428 λέγων
1144 1345 1258 1438 τοῦτο,

207 1449 377 1534 δεσπότην
411 1451 515 1532 φησὶν
558 1445 682 1514 ἑαυτὸν
715 1454 772 1514 καὶ
808 1447 985 1514 δύνασθαι
1026 1451 1113 1516 κατὰ
1153 1449 1259 1535 νόμον

208 1552 352 1618 κωλύειν
377 1546 439 1616 τοῦ
465 1545 652 1636 κεχρῆσθαι
678 1551 738 1616 τὸν
765 1547 946 1617 ἀντίδικον.

124 1661 201 1744 Quae
222 1663 406 1730 STEPHANI
426 1659 528 1724 uerba
548 1683 614 1724 non
637 1661 712 1726 satis
734 1660 883 1726 distincte
897 1662 1105 1726 chflnmas
1123 1659 1260 1726 uertisse

123 1761 243 1827 uidetur.
284 1761 338 1826 Ab
359 1759 451 1826 initio
472 1758 558 1824 enim
579 1761 664 1826 huno
686 1787 818 1828 sensum
841 1762 1011 1826 exhibent:

189 1863 294 1941 „Nam
317 1861 387 1948 qui
407 1861 466 1926 ita
489 1861 671 1926 intendit
694 1911 702 1928 .
725 1911 733 1928 .
758 1910 764 1925 .
790 1873 850 1928 etc.
872 1910 881 1926 .
905 1910 913 1926 .
937 1862 1200 1947 ‚probat,³⁹)
1224 1884 1259 1926 se

188 1963 355 2030 dominum
391 1983 463 2028 esse
496 1972 527 2028 et
561 1962 689 2048 repellit
724 1963 945 2030 aduersarium
974 1962 1111 2026 dominii
1140 1961 1259 2047 proba-

188 2065 365 2130 tionibus.“

121 2166 184 2232 Ηοο
211 2177 318 2232 autem
353 2165 535 2233 STEPHANI
568 2164 752 2230 testimonio
791 2165 903 2232 nescio
938 2163 1017 2249 quid
1048 2161 1154 2249 possit
1189 2183 1261 2225 esse

25 2260 26 2334 Ϊ
121 2267 235 2333 clarius.

210 2369 393 2454 Postquam
414 2369 501 2434 enim
522 2367 642 2444 docuit,
664 2378 798 2452 propter
820 2367 977 2433 formulae
996 2365 1262 2451 conceptionem:

256 2481 568 2547 ‚,s1.ennnn.n⁰
594 2475 664 2534 .n⁰
690 2485 1225 2534 .1vs.non.nsss.vssnn1
1251 2513 1260 2530 .

254 2588 442 2636 nnvnnm.

120 2668 259 2736 facillime
281 2693 475 2756 quemquam
497 2695 535 2737 eo
560 2673 679 2740 adduci
703 2695 822 2759 posse,
844 2683 878 2737 ut
901 2681 1013 2735 contra
1032 2668 1180 2756 regulam
1204 2693 1263 2756 ge·

120 2771 269 2848 noralem,
291 2793 355 2857 qua
380 2771 421 2836 de
451 2795 510 2838 suo
538 2797 710 2860 quemque,
731 2772 859 2838 nonde
881 2769 1011 2836 alterius
1034 2770 1104 2834 iure
1124 2770 1264 2855 probare

121 2871 230 2938 debere
249 2884 459 2959 praeceptum
478 2874 539 2952 sit,
569 2873 602 2938 in
625 2875 686 2942 hac
707 2875 835 2940 actione
856 2873 897 2936 de
919 2869 1084 2935 debilitate
1105 2870 1184 2934 iuris
1205 2869 1263 2934 ad-

120 2973 245 3038 uersarii
268 2972 495 3060 probationem
519 2999 590 3042 csse
620 2975 861 3061 suscipiendam
893 2969 1084 3037 contendat:
1110 2992 1189 3033 uere
1214 2980 1263 3034 ta-
1305 2973 1309 2981 '

120 3095 188 3138 men
209 3076 382 3142 nsuucnire
413 3076 560 3163 regulam
588 3079 682 3142 istam
704 3076 871 3142 continuat
892 3083 1027 3161 propter
1048 3069 1149 3136 uerba
1170 3071 1264 3147 „in-

119 3277 308 3290 ⁸*—

153 3397 194 3465 ³⁸)
220 3403 296 3452 Haec
316 3403 402 3454 uerba
427 3413 555 3470 exparte
573 3423 589 3456 a
607 3405 661 3456 ΖΑ·
712 3411 788 3468 tum,
816 3405 867 3454 sed
884 3407 956 3452 certe
974 3403 1147 3468 probandi
1175 3401 1265 3453 notio·

120 3507 218 3544 cussis
237 3500 301 3542 sunt
314 3495 447 3558 restituta,
466 3498 601 3546 neminem
622 3506 661 3548 ta-
712 3513 775 3548 nem
794 3497 923 3547 inuoluit:
942 3503 985 3546 est
1003 3497 1074 3546 enim
1092 3502 1265 3558 „apertum

21 3616 25 3660 ,¹
120 3598 175 3636 men
197 3593 251 3634 tom
273 3584 396 3648 ineptum
423 3587 482 3636 fore
511 3591 661 3652 putandum
711 3589 772 3638 red
779 3587 895 3654 dere‚“
922 3595 950 3637 et
969 3589 1043 3652 qnod
1062 3594 1185 3650 opertum
1205 3589 1265 3636 red-

20 3663 25 3720 l
120 3679 164 3735 cst,
183 3680 212 3722 ut
229 3675 307 3725 aliter
327 3679 432 3727 restitui
450 3681 576 3729 debuisse
597 3695 661 3730 con·
712 3681 792 3742 ditur,
826 3681 872 3728 uel
908 3681 1033 3730 omnibus
1068 3686 1132 3729 ante
1169 3679 1265 3728 oculos

120 3766 211 3816 tendat.
230 3767 390 3818 Rectissime
408 3771 662 3822 enimchusrunn
712 3773 888 3836 proponitur,
911 3778 942 3820 ut
967 3772 1126 3833 uideant,
1157 3772 1203 3818 uel
1229 3772 1267 3820 its

118 3853 219 3907 lacunas
244 3861 402 3922 expleuisse
434 3862 549 3924 uidebit,
605 3862 663 3927 qui·
712 3864 877 3926 argumentis
908 3864 1128 3924 demonstratur,
1158 3872 1189 3910 ut
1214 3863 1266 3912 in·

120 3959 215 4013 cunque
233 3951 337 4002 litteras
362 3955 485 4004 residuas
502 3955 662 4018 inspexerit.
713 3957 891 4019 telligant
956 3956 993 4005 m
1027 3956 1094 4004 haec
1129 3955 1268 4018 posterior

152 4035 195 4102 ⁸⁹)
225 4039 395 4095 chssnrss
424 4046 521 4095 uertit:
559 4047 662 4108 „Nam
713 4045 791 4095 notio
819 4045 882 4097 huic
910 4047 974 4096 loco
994 4045 1131 4095 conuenit.
1166 4047 1266 4096 Exem-

121 4129 189 4180 dum
208 4133 320 4185 dicit.
339 4172 346 4186 .
366 4173 373 4187 .
392 4139 499 4190 docct
525 4151 554 4186 se
575 4137 661 4186 domi·
711 4139 757 4202 pla
784 4153 851 4186 nero
879 4139 958 4187 huius
980 4153 1046 4186 usus
1066 4137 1137 4186 facili
1156 4139 1266 4198 negotio

120 4236 178 4272 num
218 4225 301 4274 esse“
348 4234 407 4279 etc..
460 4229 561 4279 Verum
604 4245 662 4279 uox
707 4231 738 4282 in
757 4231 853 4281 lexicis
871 4229 981 4282 Graecis
998 4230 1130 4280 inuenies.

122 4314 295 4393 ,,δηλοῖ,“
332 4335 388 4373 non
416 4322 571 4372 docendi
601 4328 660 4371 tsn-
