3067 5117
261 356 304 435 lb

262 513 491 601 interpretum,
536 512 608 600 ipse
643 512 724 581 mihi
760 513 1053 602 comprobauerim.
1114 514 1204 583 Nihil
1239 514 1327 583 enim
1354 514 1421 582 nisi

262 614 445 701 simplicem
460 615 737 703 comparationem
753 616 864 683 uerbis
885 616 955 683 istis
975 616 1142 685 inductam
1162 640 1237 685 esse
1256 615 1420 693 existimo,

263 738 360 801 quam
400 738 506 783 meam
542 716 735 783 sententiam
770 716 909 786 libenter
939 718 1126 787 coniectura
1151 719 1237 793 lacta
1270 717 1419 785 luculen-

261 816 325 881 tius
346 816 576 903 exprimerem,
597 817 658 883 hac
681 817 820 896 scilieet,
841 828 876 883 ut
894 842 971 905 pro:

344 918 463 997 „Non
485 918 591 984 idem
613 917 856 987 seruabitur
877 919 964 987 alio
985 920 1255 1012 substituto‘(

261 1018 437 1107 legendum
458 1040 530 1085 esse
551 1040 788 1105 proponerem:

343 1120 468 1199 „Non
488 1119 595 1187 idem
616 1121 866 1187 seruabitur
886 1130 1013 1208 atque
1034 1122 1119 1191 alio
1141 1124 1420 1202 substituto,“

261 1222 336 1289 uel:

342 1320 459 1399 „Non
480 1318 592 1390 idem
614 1324 864 1392 seruabitur
886 1324 960 1391 alii
982 1323 1334 1412 substituto‚“⁵⁴)

261 1421 326 1487 nisi
354 1422 450 1489 etism
478 1423 654 1491 ablatiuum
683 1426 818 1513 uulgata
838 1426 978 1494 lectione
998 1424 1178 1495 exhibitum
1210 1428 1327 1497 eadem
1360 1450 1421 1493 no-

262 1523 351 1589 tione
373 1522 520 1590 adhiberi
542 1526 688 1613 potuisse
708 1539 866 1615 putarem.

365 1625 410 1691 Et
429 1624 494 1691 iam
512 1627 594 1695 haec
616 1628 742 1695 exsistit
762 1630 942 1697 sententia:

349 1726 449 1805 „Non
469 1727 558 1797 idem
582 1729 658 1815 (hoe
681 1754 771 1809 casa
792 1731 821 1796 si
841 1731 977 1798 coheres
996 1740 1046 1797 est
1066 1728 1193 1817 pupillo
1216 1733 1422 1820 substitutus)

264 1829 467 1907 seruabitur,
496 1854 534 1897 sc
554 1832 583 1896 si
604 1832 686 1898 alius
709 1832 807 1897 luerit
826 1832 1029 1899 substitutus.
1069 1832 1155 1897 Nam
1175 1831 1222 1915 (si
1243 1834 1332 1901 idem
1354 1858 1422 1901 ser-

262 1932 405 2013 uaretur)
421 1929 476 1996 ille
493 1932 641 2015 (coheres
653 1931 861 2019 substitutus)
876 1934 1044 2000 Falcidiae
1063 1932 1223 2002 rationem
1243 1934 1422 2012 induceret,

263 2032 358 2119 quasi
377 2031 475 2119 plane
496 2032 556 2099 sub
581 2032 771 2099 conditione
790 2034 903 2121 primis
931 2035 1050 2101 tabulis
1070 2035 1166 2101 heres
1186 2035 1352 2102 institutus
1373 2036 1423 2120 [id

263 2146 329 2212 est,
363 2135 541 2201 omnium
568 2134 815 2221 legatorum
843 2150 884 2203 et
911 2138 1062 2223 primis
1084 2148 1122 2203 et
1143 2138 1343 2203 secundis
1364 2150 1421 2202 ta·

262 2235 376 2305 bulis
396 2236 640 2303 relictorum
667 2237 986 2305 contributione
1012 2238 1137 2317 facta,
1165 2237 1292 2305 ratione
1306 2240 1350 2305 L.
1375 2240 1420 2305 ll.

263 2339 332 2422 §.h
358 2338 399 2404 ad
415 2338 499 2423 Leg.
524 2336 648 2417 Fale.)‚
675 2340 803 2405 tametsi
829 2340 969 2405 maxime
991 2358 1026 2405 ut
1045 2340 1181 2406 coheres
1210 2340 1421 2425 quadrantem

262 2439 358 2524 (suae
377 2431 560 2525 portionis)
592 2439 755 2526 integrum
779 2441 957 2519 obtineret,
989 2442 1038 2522 (id
1065 2452 1115 2507 est
1134 2451 1263 2526 epatre
1283 2441 1421 2507 liberum

262 2540 410 2609 relietum
429 2539 578 2607 haberet:
599 2552 632 2607 et
653 2540 755 2607 uerbo
778 2543 1006 2620 ‚,marime“
1029 2541 1230 2631 exprimitur,
1250 2541 1305 2607 uel
1326 2542 1420 2629 plus

264 2641 443 2727 quadrante
463 2640 604 2709 liberum
624 2642 655 2710 ei
675 2642 938 2729 permansisse.“

367 2741 490 2809 Vltima
517 2754 624 2810 autem
648 2743 750 2810 uerba
789 2794 809 2823 „
818 2746 903 2811 Nam
925 2757 957 2813 et
976 2769 1076 2831 quum
1096 2747 1241 2834 legatum
1251 2751 1272 2782 “
1291 2754 1354 2811 etc.
1381 2742 1421 2809 ad
1518 2785 1519 2788 =

262 2842 368 2930 ipsam
388 2842 562 2923 substituti,
584 2845 728 2931 quinon
750 2845 885 2913 coheres
908 2857 967 2925 est,
989 2848 1265 2934 comparationem
1285 2845 1420 2933 respici·

263 2956 331 3023 unt,
353 2945 442 3031 quod
463 2946 560 3031 quale
579 2946 621 3011 sit
636 2945 733 3013 latius
756 2959 806 3014 est
824 2948 1009 3034 expositum
1028 2948 1113 3014 inira
1131 2972 1201 3035 cap.
1222 2948 1297 3015 1111.
1318 2947 1352 3031 §-
1363 2948 1420 3013 13..

366 3047 480 3132 Itaque
512 3046 592 3115 haee
613 3060 662 3114 est
690 3051 881 3118 Parmam
903 3049 1125 3117 ratiocinatior
1166 3049 1228 3129 „si
1251 3046 1420 3115 coheredis

264 3149 448 3217 substitutio
477 3149 652 3219 referretur
680 3151 722 3217 ad
751 3160 906 3217 euentum
931 3150 1168 3217 substitutionis
1196 3172 1264 3215 non
1285 3147 1420 3214 instituti
1518 3203 1519 3210 ,

264 3251 450 3329 cuiusdam,
486 3251 558 3317 lieri
589 3275 707 3338 posse,
738 3264 774 3317 ut
804 3275 879 3318 non·
900 3251 1005 3337 prosit
1029 3250 1201 3328 coheredi,
1232 3249 1321 3335 quod
1351 3249 1420 3335 ipse

264 3351 362 3417 nullis
382 3362 436 3416 aut
453 3360 539 3416 certe
560 3350 702 3419 minimis
722 3353 839 3439 legatis
857 3364 1009 3419 oneratus
1030 3352 1143 3430 fuerit,
1166 3352 1325 3417 namhoc
1346 3372 1420 3417 casu

264 3464 398 3541 propter
418 3450 565 3536 regulam
587 3451 694 3531 illam,
724 3476 766 3519 ex
792 3453 971 3520 hereditate
995 3454 1096 3540 patris
1116 3454 1158 3519 ad
1178 3454 1284 3539 ipsum
1303 3476 1419 3539 perue-

265 3554 375 3619 niente
402 3550 582 3617 Falcidiam
603 3551 738 3631 deduci,
773 3553 869 3621 facile
889 3553 943 3621 uel
964 3553 1101 3620 liberam
1123 3576 1215 3619 suam
1237 3554 1419 3641 portionem

266 3664 401 3743 propter
417 3652 525 3739 legata
544 3653 671 3739 pupillo
691 3655 846 3743 imposita
866 3677 1003 3743 erogare
1024 3656 1101 3742 cogi
1117 3679 1191 3722 eum
1212 3662 1347 3741 posse.“

304 3956 349 4023 ⁵⁴)
372 3956 501 4023 „Idem“
519 3972 617 4023 graem
637 3958 743 4011 dicendi
760 3975 819 4011 mo·
867 3960 933 4011 Met.
966 3961 1052 4025 XIII,
1082 3958 1133 4013 50..
1184 3962 1323 4013 Facillime
1352 3976 1417 4011 nero

267 4051 302 4102 do
339 4051 495 4115 saepissime
525 4066 586 4102 enm
616 4053 707 4102 datiuo
735 4051 819 4115 iungi,
867 4057 981 4116 propter
1011 4048 1158 4101 dictionem
1191 4051 1281 4105 minus
1313 4054 1417 4105 solitam

266 4156 310 4193 res
335 4148 379 4193 est
402 4143 551 4193 notissima.
577 4142 618 4193 Cf.
644 4142 755 4195 &enno
781 4145 818 4193 ad
868 4143 1000 4193 correctio
1020 4156 1132 4194 sensnm
1154 4146 1316 4209 perturbans
1332 4144 1419 4211 potnit

267 4233 433 4298 lamvllll,
452 4232 518 4301 bb,
535 4236 672 4287 Iverrnvs
683 4237 722 4287 11.
734 4234 818 4300 aio,
867 4235 967 4286 induci.

266 4326 420 4378 nonime
455 4326 491 4379 Δ.
515 4326 547 4380 P.
569 4325 645 4393 lbi„
685 4326 818 4405 'Ovmm
