3067 5117
271 512 342 583 boe
372 514 493 602 puriter
524 514 559 581 in
587 524 756 602 utromque
788 516 875 583 cedit
904 518 1100 603 portionem.
1150 518 1266 603 loque
1297 516 1442 603 primum

278 627 414 703 unoque
434 617 541 703 portio
562 640 623 705 per
648 640 684 685 se
705 617 980 696 considerabitur,
1014 618 1102 685 unde
1124 619 1272 698 eueniet,
1306 629 1342 685 ut
1363 618 1442 685 Gaii

278 717 443 805 legatoriis
466 717 551 784 solui
571 718 699 805 possint
720 742 789 785 non
813 718 939 797 CXX„
959 721 1019 787 sed
1036 718 1095 797 0.,
1125 721 1196 791 seii
1226 744 1296 787 non
1318 719 1441 798 CLX„

280 820 340 887 sed
361 819 412 889 Ο..
447 820 575 887 Maeuii
594 831 627 887 et
655 845 674 889 e
695 820 773 887 Gaii
793 833 825 888 et
847 844 866 887 e
886 821 958 890 seii
977 824 1130 890 secundis
1152 822 1272 890 tabulis
1291 821 1443 907 legatarii

278 922 509 991 habebuntL..
548 922 663 1009 Itaque
683 946 783 1009 porro
804 947 824 990 e
846 923 924 991 Gaii
942 924 1061 990 tabulis
1081 925 1233 991 secundis
1247 923 1309 1001 Χ,
1330 946 1350 989 e
1372 923 1445 991 Seii

279 1024 401 1091 XXX.
435 1046 477 1091 ex
508 1024 625 1109 regula
653 1036 765 1093 nostre
788 1048 863 1091 oum
883 1025 1015 1093 ulterius
1037 1026 1201 1113 portionis
1219 1024 1338 1111 legetis
1367 1033 1446 1089 sunt

282 1124 523 1193 contundenda.
571 1126 625 1193 De
657 1149 746 1192 nouo
781 1126 880 1213 igitur
915 1126 1060 1193 ineundo
1091 1138 1143 1195 est
1157 1126 1240 1193 ratio
1261 1124 1444 1203 Falcidiae,

281 1226 327 1293 ite
345 1238 381 1293 ut
401 1250 419 1295 e
441 1227 518 1293 Gaii
548 1227 699 1315 portione
721 1228 831 1315 legate
852 1249 924 1295 esse
943 1227 1132 1293 uideantur:
1169 1226 1285 1293 CXX.
1304 1226 1444 1313 proprio

282 1328 359 1395 Gaii
378 1329 522 1408 nomine,
543 1330 622 1396 LX.
641 1328 777 1406 Maeuii,
799 1341 835 1395 ut
857 1328 934 1396 Gaii
953 1328 1135 1405 substituti,
1154 1328 1299 1406 nomine,
1318 1326 1445 1393 XXX.

282 1430 418 1511 Maeuii,
439 1441 474 1496 ut
494 1429 564 1498 Seii
585 1430 759 1508 substituti,
781 1432 924 1497 nomine.
978 1430 1009 1495 Ε
1030 1430 1101 1498 Seii
1119 1428 1271 1515 portione
1292 1430 1446 1496 similiter

284 1530 443 1600 debentur
464 1531 663 1610 CLXXX..
687 1531 840 1598 LXXX.
870 1543 904 1598 et
927 1532 987 1599 X..
1034 1531 1177 1599 Ratione
1208 1532 1381 1599 Falcidiae
1410 1534 1445 1598 in

284 1633 362 1700 Gaii
382 1633 447 1699 iem
466 1632 644 1701 hereditate
665 1634 811 1700 instituto
830 1633 1014 1700 habebunt:

324 1738 374 1814 1⁰,
395 1735 473 1803 Gaii
491 1735 641 1823 legatarii
660 1736 845 1803 LXXXV.
870 1746 904 1801 et
923 1736 966 1801 de
985 1735 1116 1801 duobm
1137 1732 1282 1821 quinque
1301 1744 1427 1821 pru-tes.

276 1828 278 1833 ’
324 1840 375 1917 2⁰,
394 1836 520 1905 Maeuii
539 1836 688 1925 legatarii
708 1861 727 1905 e
748 1837 826 1905 Gaii
843 1836 963 1904 tabulis
984 1834 1334 1903 seenndisXXXXII.
1361 1835 1445 1903 etde

364 1938 493 2007 duobus
514 1961 574 2007 sex
593 1951 713 2027 partes.

324 2044 376 2119 3⁰,
395 2040 520 2107 Maeuii
548 2040 697 2129 legatarii
723 2065 764 2109 ex
789 2042 859 2109 Seii
886 2040 1005 2109 tubulis
1036 2039 1188 2112 secundis
1209 2038 1310 2106 XXI.
1339 2050 1377 2105 et
1405 2038 1446 2105 de

366 2142 494 2209 duobus
516 2153 579 2209 tres
601 2154 720 2228 partes.

285 2244 339 2309 Ex
359 2242 431 2311 Seii
450 2252 565 2309 eontra
582 2242 761 2309 hereditate
782 2242 966 2310 habebuntz

326 2346 375 2423 1⁰,
398 2344 468 2413 Seii
486 2344 636 2431 legatarii
655 2344 905 2411 LXXXXVI..

323 2447 374 2524 2⁰,
396 2445 522 2511 Maeuii
544 2468 586 2513 ex
605 2445 758 2513 seeundis
782 2446 853 2515 Seii
874 2448 993 2515 tubulis
1011 2444 1262 2515 XXXXVIII..

322 2549 374 2625 30,
394 2546 520 2613 Maeuii
541 2570 582 2615 ex
602 2548 754 2615 secundis
777 2547 854 2614 Gaii
874 2549 992 2619 tabuiis
1013 2550 1083 2618 vl..

283 2650 397 2734 Itaque
418 2648 453 2713 in
473 2672 614 2715 summe:
847 2728 850 2734 Ι

325 2752 375 2828 1⁰,
397 2748 473 2817 Gaii
492 2750 642 2837 legatarii
659 2750 845 2820 LXXXV.
868 2763 901 2819 et
920 2753 963 2820 de
982 2752 1114 2820 duobus
1136 2751 1280 2838 quinque
1302 2761 1428 2836 portes.

306 2854 375 2930 ¹20,
399 2851 470 2920 Seii
490 2851 639 2939 legatarii
660 2852 910 2921 LXXXXVI..

322 2955 373 3031 3⁰,
393 2952 519 3019 Maeuii
553 2976 594 3021 ex
628 2955 782 3021 secundis
810 2954 888 3023 Gaii
902 2956 1039 3023 ‚tabidis
1068 2950 1307 3023 XXXXVIII.
1339 2964 1375 3019 et
1404 2954 1445 3019 de

366 3055 494 3122 duobus
514 3079 572 3121 sex
592 3068 713 3141 partes.

321 3160 373 3243 43,
394 3156 520 3223 Maeuii
536 3180 578 3223 ex
598 3158 750 3225 seeundis
773 3157 843 3227 Seii
862 3158 980 3225 tubulis
1001 3159 1176 3228 LXVIIII.
1196 3158 1290 3225 etde
1313 3158 1446 3224 duobus

363 3270 429 3325 tres
450 3269 569 3345 portes.

323 3364 374 3439 5⁰,
395 3358 547 3426 Maeuius
568 3357 639 3447 ipse
661 3360 713 3427 C..

386 3464 426 3528 [n
454 3461 505 3527 his
533 3484 613 3528 uero
645 3462 796 3529 omnibus
825 3462 954 3529 ossibus
985 3464 1040 3531 uel
1070 3464 1211 3531 maxime
1236 3462 1346 3531 ionum
1371 3486 1445 3532 esse

284 3561 486 3651 stipulationi
509 3574 630 3648 quanto
655 3562 812 3649 amplius,
835 3563 977 3633 breuiter
994 3564 1164 3631 monuisse
1185 3566 1335 3633 suffioiot.

388 3664 431 3731 ΙΙ.
472 3664 627 3731 Secundo
654 3668 728 3730 loeo
755 3665 798 3729 sd
820 3664 1082 3733 substitutionem
1103 3690 1146 3735 ex
1164 3666 1266 3733 ultera
1284 3679 1318 3733 et
1338 3667 1444 3743 tertio,

283 3790 382 3855 quem
410 3788 509 3853 supra
536 3764 786 3851 proposuimus,
814 3764 955 3833 formula
985 3778 1206 3847 transeamus,
1242 3778 1275 3834 et
1302 3767 1445 3855 primum

284 3869 415 3957 quidem
444 3867 486 3933 sd
513 3889 587 3933 eum
616 3888 748 3946 cesum,
780 3866 810 3933 ei
832 3866 971 3935 diuersis
998 3870 1201 3957 temporibus
1231 3868 1349 3955 pupilli
1375 3867 1446 3934 uite

282 3968 493 4039 decesserint.

384 4073 460 4137 Hoo
471 4070 578 4157 igitur
600 4092 678 4137 casu
699 4071 747 4149 is,
771 4070 828 4157 qui
850 4081 925 4156 post
944 4071 1080 4137 atterum
1098 4082 1245 4138 mortuns
1268 4080 1336 4147 est,
1354 4091 1443 4136 sem-

281 4198 341 4263 per
362 4173 403 4241 sb
425 4172 576 4239 intestato
606 4171 696 4238 fratri
725 4171 821 4239 heres
849 4171 988 4249 exstitit,
1019 4171 1129 4258 itaque
1151 4172 1371 4259 quodeunque
1402 4192 1443 4235 ex

280 4276 458 4343 hereditate
477 4274 583 4341 fratris
610 4274 652 4339 ed
672 4274 803 4339 irstrem
822 4272 1028 4359 peruenerit,
1056 4294 1125 4338 non
1147 4272 1286 4363 petriam
1309 4268 1443 4358 augebit
