3067 5117
1213 439 1273 506 179

100 583 165 650 rius
193 585 344 652 iniuriam
369 609 437 677 non
467 587 629 673 probabit.
682 587 787 653 Immo
815 611 915 673 quum
943 589 995 653 ius
1022 589 1121 654 eundi
1150 591 1272 677 agendi

100 687 224 773 inipso
245 687 391 753 dominio
416 688 587 766 coniiciat,
615 689 644 752 si
674 689 746 773 quis
772 688 925 767 laeserit,
954 691 1122 774 negatoria
1143 702 1193 756 est
1210 714 1265 758 re·

99 788 297 864 mouendus,
335 789 412 874 quia
440 789 592 854 dominus
619 813 688 854 non
721 791 866 876 cogitur,
905 789 1004 854 alium
1030 790 1121 856 iuxta
1149 811 1185 856 se
1214 793 1265 857 ius

100 911 248 955 exercere
270 890 349 975 pati.
389 891 434 955 Et
454 891 518 956 boc
541 890 585 955 ita
608 890 717 956 stricte
739 901 789 954 est
809 889 1033 966 obseruatum,
1061 900 1096 954 ut
1126 891 1161 955 in
1188 892 1262 978 ipso

18 1060 19 1074 χ
100 989 281 1067 usufructu,
305 1013 400 1075 quem
424 1002 551 1058 constat
571 991 767 1077 generaliter
785 991 971 1056 alterutrum
994 1001 1117 1056 tantum
1138 991 1259 1059 habere

98 1113 213 1175 posse,
235 1091 386 1156 domiuus
409 1092 643 1158 confessoriam
665 1115 732 1158 non
754 1091 892 1169 habeat,
922 1091 981 1156 sed
1010 1091 1039 1155 si
1068 1091 1102 1154 in
1123 1115 1260 1177 posses-

98 1192 188 1256 sione
207 1191 247 1256 sit
267 1191 478 1271 fructuarius,
499 1214 584 1258 rem
606 1215 698 1258 suam
720 1192 880 1268 uindicet,
904 1214 972 1257 non
994 1190 1102 1256 solum
1121 1215 1257 1259 usum-

98 1291 291 1370 fructum,
313 1292 364 1358 sin
387 1294 516 1372 minus,
538 1292 707 1379 negatoria
729 1304 814 1378 agat.
855 1290 909 1357 Of.
929 1292 1072 1378 L.5.pr.
1095 1294 1125 1359 si
1145 1295 1235 1360 usfr..

196 1395 307 1480 ltaque
319 1417 359 1458 eo
377 1394 577 1471 deducimur,
598 1404 643 1471 ut,
666 1415 752 1471 eum,
770 1393 826 1478 qui
847 1394 898 1458 ius
919 1393 1001 1458 inre
1023 1395 1087 1460 sibi
1101 1396 1256 1475 uindicet,

101 1483 255 1581 descripta
267 1494 393 1560 ratione
414 1494 583 1562 intendere
598 1504 758 1581 putemus.
781 1495 813 1560 Is
829 1515 909 1559 uero
926 1494 1042 1580 procul
1065 1495 1165 1561 dubio
1186 1519 1254 1562 non

20 1595 22 1642 5
100 1596 192 1662 aliam
212 1595 253 1661 ob
271 1619 426 1674 caussam
445 1598 490 1662 ita
509 1606 618 1683 potest
639 1595 828 1672 intendere,
859 1595 923 1660 nisi
945 1595 988 1659 ob
1009 1596 1118 1680 ipsum
1139 1595 1190 1660 ius
1212 1597 1248 1660 in

21 1708 27 1761 ἓ
99 1720 147 1773 re,
168 1697 254 1782 quod
275 1695 337 1762 sibi
361 1696 485 1762 asserit.
526 1697 595 1762 Iam
622 1717 724 1774 uero,
755 1719 855 1781 quum
882 1695 1045 1780 generalis
1066 1697 1108 1760 de
1128 1697 1250 1781 proba·

20 1814 27 1885 ε1
100 1797 182 1863 tione
202 1798 256 1862 lex
277 1799 334 1874 sit,
363 1807 399 1861 ut
428 1796 455 1860 is
485 1797 619 1882 probet,
651 1795 707 1881 qui
728 1797 903 1862 contendat
925 1796 1066 1882 aliquid,
1094 1797 1249 1882 sequitur,

100 1908 130 1962 ut
151 1899 177 1963 si
197 1899 268 1984 quis
286 1900 337 1963 ius
358 1897 393 1962 in
412 1919 448 1962 re
470 1897 532 1963 sibi
557 1907 698 1983 arroget,
720 1897 908 1963 seruitutem
927 1899 1067 1984 probare
1090 1908 1249 1965 teneatur.

194 1999 233 2064 In
252 1999 352 2064 altera
372 2019 452 2062 uero
474 1997 630 2064 formula:

240 2117 1214 2167 swam.M1111.1vs.nssu.sur1vs.r0n1mnu
1238 2148 1247 2165 .

23 2281 27 2293 Ι
241 2219 366 2267 ruvrro
391 2201 623 2266 .'snura0nro
646 2247 654 2264 .

100 2304 199 2388 quoad
219 2327 304 2380 eum,
323 2301 378 2388 qui
400 2301 587 2366 seruitutem
607 2301 670 2368 sibi
690 2300 815 2378 asserit,
828 2302 938 2368 uerbis
960 2302 1116 2379 „inuito
1138 2303 1248 2371 Sem·
1285 2295 1288 2299 ’

22 2397 27 2442 t
100 2405 273 2488 pronio“
304 2403 385 2468 nihil
413 2412 571 2480 mutatur,
599 2426 699 2488 quum
725 2403 789 2469 hoc
816 2403 1080 2468 addidamentnm
1097 2403 1178 2470 nihil
1199 2405 1246 2470 ef-

100 2505 194 2584 ficiat,
224 2505 288 2570 nisi
308 2516 343 2571 ut
362 2503 535 2570 intentioni
562 2514 650 2569 certa
671 2503 860 2569 subiiciatur
881 2526 1043 2590 persona,
1073 2506 1164 2571 cuius
1192 2529 1246 2572 re·

100 2619 202 2690 speetu
224 2607 293 2684 ius,
317 2607 356 2671 de
378 2627 443 2690 quo
465 2602 588 2690 agitur,
611 2605 713 2670 actori
732 2615 912 2690 compet-at,
932 2606 967 2670 id
990 2606 1078 2691 quod
1099 2607 1134 2672 in
1154 2607 1245 2693 prio-

98 2707 135 2770 ris
154 2707 310 2773 formulae
331 2705 546 2792 conceptione
568 2706 671 2770 inerat
696 2705 730 2770 in
758 2706 981 2775 nominatione
1000 2707 1094 2772 fundi
1116 2706 1246 2774 Corne-

99 2807 184 2886 lieni,
226 2807 280 2874 uel
323 2807 390 2885 rei,
437 2799 472 2870 in
507 2829 572 2892 qua
609 2807 818 2891 personalem
856 2806 1043 2873 seruitutem
1076 2807 1245 2885 babemus,

99 2910 231 2994 qualibet
252 2908 480 2996 descriptione.
521 2910 645 2995 Itaque,
669 2908 697 2972 si
720 2908 792 2993 quis
814 2907 959 2983 omnino,
980 2908 1045 2974 hoe
1064 2919 1114 2974 est
1133 2921 1247 2974 contra

99 3033 201 3076 omnes
222 3010 349 3074 uicinos
367 3010 417 3074 ius
439 3009 502 3076 sibi
523 3029 708 3096 competere
729 3009 824 3074 altius
845 3009 982 3075 tollendi
1004 3009 1145 3096 probare
1165 3032 1245 3097 pos-

100 3112 151 3190 sit,
170 3123 256 3178 recte
277 3109 488 3176 nibilominus
509 3111 673 3176 intendet:

237 3230 813 3280 81.PsRnT.M1H1.IVS.ussu
840 3229 1244 3278 .unr1vs.r0nnn1su.

100 3316 150 3380 sed
166 3317 267 3403 ipsius
289 3313 405 3379 actoris
428 3314 578 3393 interest,
606 3324 642 3378 ut
664 3312 892 3400 probationem
923 3314 986 3379 sibi
1010 3337 1107 3398 quam
1126 3313 1244 3381 facilli-

100 3439 176 3482 mam
195 3415 319 3482 reddat.
1139 3415 1141 3420 ’

189 3519 234 3584 Et
254 3516 336 3582 baec
359 3515 507 3582 sufficere
531 3525 699 3602 putamus,
721 3527 757 3582 ut
784 3515 826 3582 de
856 3516 1059 3584 confessoria
1080 3517 1243 3584 seruitutis

98 3641 202 3686 caussa
219 3617 417 3704 competenti
437 3617 617 3684 stabiliatur
639 3617 815 3684 sententia:

168 3722 236 3799 „in
282 3717 448 3784 actione
489 3719 760 3786 confessoris
805 3718 950 3805 utique
994 3720 1244 3786 incumbere

165 3819 459 3909 probationem
478 3819 533 3897 ei,
557 3820 628 3905 qui
657 3819 740 3886 sibi
760 3820 1010 3888 seruitutem
1040 3830 1243 3886 asserat.“

97 3924 155 3991 Sed
176 3945 259 3990 onus
280 3919 382 3986 actori
402 3919 640 4006 iniungendum
660 3931 788 4006 praeter
806 3922 910 4008 ipsius
933 3921 1100 3987 seruitutis
1120 3922 1243 4007 proba-

96 4025 208 4092 tionem
228 4021 324 4089 simul
349 4021 552 4107 amplectitur
574 4021 801 4107 probationem
824 4022 978 4100 dominii,
1004 4036 1039 4088 ut
1061 4024 1130 4098 eius
1152 4025 1243 4102 iuris,

97 4149 153 4211 quo
181 4125 356 4192 auxiliante
387 4123 519 4189 omnino
550 4123 592 4190 ad
623 4122 857 4189 confessoriam
892 4124 1125 4192 intendendam
1155 4136 1246 4192 actor

97 4223 279 4290 admittatur.
328 4223 380 4289 Cf.
408 4225 450 4288 L.
474 4225 521 4291 16.
544 4224 585 4290 de
607 4235 733 4311 except.
756 4224 991 4308 (XXXXlIll,
1014 4229 1069 4311 1.).
1112 4227 1188 4310 Qua
1211 4226 1245 4290 in

97 4345 137 4400 re,
155 4324 318 4409 quomodo
339 4325 551 4392 subueniretur
574 4325 686 4402 actori,
708 4325 792 4392 infra
813 4325 996 4392 uidebimus
1018 4328 1201 4410 §§.1o.17..
