3067 5117
1227 396 1270 466 57

211 550 261 636 4.)
280 550 386 616 Porro
407 550 684 615 ueroPArnunru
705 548 808 614 uerba
827 548 942 615 eadem
961 547 1030 614 fere
1051 549 1177 619 ratione
1196 552 1268 640 ple-

17 738 18 745 *
106 652 201 739 rique
224 652 480 738 explicauerunt‚
504 650 584 716 haec
605 661 850 737 proponentes:

213 755 314 819 Pater
333 752 486 839 relinquit
505 752 652 828 0000,
675 751 813 819 instituit
833 752 1012 839 pupillum,
1043 778 1064 819 a
1092 776 1157 838 quo
1180 754 1269 842 legat

109 854 201 932 00,
226 854 390 920 substituit
409 878 450 921 ex
471 855 606 921 semisse
628 854 767 931 Titium,
798 876 902 939 aquo
925 854 987 931 0.,
1009 853 1140 931 Seium,
1164 880 1183 921 a
1204 878 1269 941 quo

109 957 183 1023 00.
206 956 371 1044 legat.⁶⁸]
429 954 515 1029 lam,
538 977 638 1039 quum
661 957 702 1021 de
724 955 803 1023 Seio
824 956 923 1021 modo
944 955 1066 1021 dictum
1087 956 1146 1035 sit,
1168 979 1270 1042 quae-

17 1044 18 1049 *
107 1061 208 1137 ritur,
243 1081 321 1122 num
353 1056 450 1122 etiam
472 1056 577 1121 Titius
597 1067 743 1143 quartam
760 1057 900 1123 retinere
922 1058 1028 1143 possit
1048 1080 1127 1123 suae
1143 1059 1270 1145 portio-

109 1162 173 1225 nis.
234 1159 335 1243 Quod
359 1157 431 1223 lieri
451 1180 517 1222 non
538 1157 679 1238 debere,
716 1159 801 1225 duae
836 1158 989 1223 uidentur
1021 1180 1160 1231 caussae¹
1185 1184 1270 1240 esse,

110 1286 193 1349 quas
215 1260 371 1346 deinceps
394 1260 613 1326 Pnslsmuvs
634 1260 773 1347 profert,
807 1260 900 1346 quasi
923 1260 1124 1327 obiectiones
1146 1286 1167 1327 a
1187 1286 1271 1348 quo-

108 1366 200 1453 piam
221 1363 341 1428 lactas:

221 1468 269 1543 1⁰,
292 1464 460 1529 Habere
485 1484 572 1528 eum
606 1472 809 1548 quartam,
849 1462 884 1527 id
919 1473 984 1530 est:
1029 1465 1067 1533 Si
1092 1466 1270 1552 pupillares

109 1579 237 1635 tantum
258 1565 387 1632 tabulae
407 1574 607 1652 spectentur,
629 1563 766 1631 liberam
787 1586 861 1630 esse
880 1575 1027 1650 quartam
1048 1566 1208 1653 portionis
1230 1568 1272 1633 ad

111 1669 322 1735 substitutum
342 1664 573 1753 pemenientis.

217 1770 384 1847 2⁰,Non
416 1768 525 1833 idem
558 1766 647 1853 pati
675 1767 868 1834 instituti
900 1769 1272 1854 comparationem.

110 1877 209 1940 Hanc
247 1869 482 1937 dubitationem
511 1868 630 1956 prioris
665 1869 858 1937 refutatione
892 1870 1014 1935 induci.
1076 1872 1161 1937 Nam
1195 1873 1273 1938 dum

111 1977 203 2063 prior
236 1996 277 2039 eo
307 1971 487 2049 refellatur,
522 1971 611 2056 quod
642 1982 673 2036 et
694 1972 884 2039 substitutus
906 1972 999 2058 quasi
1018 1972 1131 2059 primis
1153 1974 1273 2039 tabulis

111 2078 207 2143 heres
227 2075 366 2160 scriptus
390 2072 560 2139 habendus
584 2072 644 2151 sit,
674 2073 739 2140 iam
774 2074 803 2139 si
826 2096 905 2141 uere
926 2074 968 2141 ad
990 2074 1202 2139 institutionis
1220 2074 1272 2139 in-

112 2177 279 2245 tellectum
300 2199 375 2244 eum
395 2196 641 2254 resecaremus,
663 2186 848 2243 secuturum
868 2199 964 2254 esse,
985 2186 1021 2241 ut
1038 2174 1187 2243 Falcidia
1205 2200 1274 2241 non

112 2292 274 2356 uteretur,
307 2279 384 2364 quia
411 2300 470 2343 suo
491 2278 624 2343 nomine
646 2301 714 2344 non
735 2290 821 2344 esset
843 2289 1005 2345 oneratus.
1057 2279 1171 2364 ltaque
1192 2278 1273 2343 nihil

114 2408 188 2450 eum
212 2404 286 2447 esse
309 2379 540 2456 deducturum,
576 2380 646 2446 siue
668 2381 861 2467 exprimis,
896 2382 966 2447 siue
987 2404 1028 2447 ex
1049 2380 1201 2447 secundis
1224 2391 1273 2448 ta-

113 2485 199 2552 bulis
222 2482 319 2549 heres
350 2483 450 2569 script
451 2506 489 2549 us
438 2483 677 2549 t.habeatur
690 2485 740 2568 ⁶⁹)

217 2583 336 2652 Paullo
350 2584 667 2651 aliterHvscmuvs
690 2584 888 2671 v01.v1.p
899 2586 981 2662 009,
1005 2586 1061 2672 qui
1081 2585 1274 2655 haecdicit:
1316 2624 1323 2629 >-

14 2754 15 2761 ,
220 2692 271 2766 1⁰,
290 2687 426 2774 Legatis
453 2688 536 2753 ab
526 2707 599 2774 rpso
635 2685 755 2753 relictis
786 2686 930 2773 pupillus
951 2710 1019 2752 non
1041 2700 1090 2753 est
1109 2687 1194 2753 ultra
1213 2686 1273 2753 do-

14 2848 16 2863 ,
116 2793 263 2857 drentem
285 2798 449 2867 oneratus,
472 2790 592 2875 itaque,
616 2787 705 2873 quod
726 2789 906 2855 secundum
925 2791 1038 2876 priora
1058 2789 1100 2855 ad
1119 2787 1201 2855 haec
1221 2810 1274 2852 re·

14 2962 15 2967 ,
119 2892 322 2980 spiciendum
345 2902 414 2969 est,
439 2891 588 2957 Falcidia
608 2912 675 2955 non
696 2899 813 2955 utetur.

220 2998 273 3072 2⁰,
294 2993 491 3080 Legendum
511 3004 576 3058 est:
622 2993 793 3077 „Neque
822 2994 864 3059 id
894 2995 1055 3081 patitur
1081 2992 1277 3057 instituti

14 3158 15 3161 ,
119 3096 421 3185 compa-ratio,“
451 3095 514 3160 hoc
535 3117 652 3162 sensu:
674 3095 856 3162 Substituto
879 3118 947 3161 non
968 3094 1119 3181 imputari
1139 3106 1278 3180 possunt

157 3408 200 3471 Μ)
236 3406 416 3460 verisimilius
455 3412 549 3471 potest
578 3408 673 3474 uideri,
722 3410 829 3477 pupillo
858 3408 924 3462 nihil
958 3408 1042 3459 tuisse
1075 3408 1195 3469 legatum
1212 3420 1276 3471 pro-

122 3503 303 3553 Psrnusuvu
331 3503 359 3552 in
387 3502 474 3551 altera
500 3502 580 3551 huius
604 3504 672 3565 legis
722 3505 799 3569 poni,
816 3504 909 3568 itaque
926 3516 990 3567 pars
1010 3500 1155 3565 posterior,
1175 3500 1198 3549 si
1217 3500 1277 3550 uul-

124 3594 489 3657 pertenerbis:‚,1taque
508 3593 672 3645 uarietas
724 3604 815 3659 getam
850 3596 984 3646 rationem
1023 3592 1156 3657 sequaris,
1187 3591 1276 3642 minus

126 3688 279 3737 exsistet
304 3723 310 3735 .
334 3722 365 3737 ..
386 3722 392 3735 .
422 3687 512 3736 alter
536 3688 672 3737 autem“
725 3690 857 3740 concinne
871 3702 932 3739 sese
943 3687 1054 3750 habere,
1074 3685 1161 3734 uideri
1179 3684 1277 3748 possit.

127 3784 169 3829 etc.
203 3780 287 3831 talem
317 3778 518 3829 substitutionis
547 3781 673 3846 speciem,
762 3779 808 3845 69)
830 3782 873 3832 Ita
899 3782 954 3831 iam
981 3778 1009 3829 in
1039 3776 1170 3831 Glossa
1201 3778 1279 3828 locus

127 3874 227 3935 qualem
257 3870 348 3936 priore
374 3875 453 3933 parte
487 3873 675 3937 descripserat,
724 3876 884 3940 explicatus,
920 3870 963 3923 cui
995 3870 1102 3921 leuibus
1139 3872 1280 3922 dumtaxat

128 3975 180 4012 cum
203 3964 256 4013 hac
284 3963 369 4026 partis
397 3965 557 4026 posterioris
576 3972 672 4015 contu·
723 3968 919 4019 mutationibus
939 3964 1031 4026 factis,
1050 3961 1196 4027 praecipue
1217 3962 1279 4012 sub-

128 4054 205 4120 iisse,
236 4071 324 4121 neque
353 4072 421 4108 uero
448 4064 590 4123 utrumque
611 4073 672 4122 spe·
726 4061 892 4123 seripserunt
921 4058 1078 4118 Ovrscrvs,
1113 4056 1280 4119 Dossennus,

131 4146 191 4198 ciem
224 4165 280 4199 uno
319 4166 383 4201 cusu
425 4150 674 4214 comprehendisse,
724 4154 952 4214 Prounrsmvs,
998 4151 1209 4202 Vsuunaovrvs
1251 4147 1280 4199 in

132 4253 205 4301 quum
219 4240 274 4290 lere
293 4243 405 4307 planum
425 4244 460 4293 sit
480 4257 515 4293 cx
536 4242 577 4306 iis,
605 4258 674 4307 quae
724 4246 780 4296 loci
800 4244 880 4295 huius
897 4242 1175 4310 interpretationibus.

132 4336 204 4382 antea
222 4334 432 4399 disputauimus,
454 4336 545 4399 priore
562 4341 639 4400 parte
658 4351 675 4386 a
