3067 5117
1216 395 1277 464 195

106 575 192 620 mus.
240 553 310 620 Iam
339 574 419 619 uero
453 574 473 618 a
502 550 720 638 glossatorum
750 559 898 636 tempore
931 571 1062 636 semper
1092 551 1286 617 resuscitata

106 667 158 722 est
181 655 350 740 quaestio,
379 663 539 739 quatenus
566 651 698 716 tandem
733 660 823 716 actor
855 650 1039 716 dominium
1059 650 1202 736 probare
1224 673 1282 716 eo-

108 768 220 843 gatur,
243 756 314 820 aliis
338 755 465 821 uerbis:
486 775 565 818 num
596 775 637 817 ex
664 753 733 818 iure
756 752 935 836 Quiritium
955 773 993 816 se
1014 752 1182 816 dominum
1205 771 1281 817 esse

107 860 249 948 probare
263 859 390 934 debeat,
411 854 516 939 (chL.
527 855 575 920 16.
585 853 785 940 deexcept.),
808 877 851 920 an
867 853 975 918 minus
996 853 1095 939 plena
1116 852 1271 937 probatio

107 961 257 1028 sufficiat.
279 962 323 1026 Et
334 959 397 1024 hoc
415 955 547 1043 quidem
567 955 720 1020 ultimum
741 955 837 1020 certis
862 954 973 1041 legum
996 952 1203 1018 documentis
1228 965 1278 1019 est

109 1062 298 1130 stabilitum.
339 1060 423 1126 Loci
446 1057 533 1124 enim
552 1056 639 1122 haud
661 1057 761 1142 pauci
780 1065 956 1132 testantur,
979 1064 1149 1140 utramque
1173 1055 1275 1121 actio·

109 1189 187 1231 nem
207 1175 335 1252 praeter
356 1160 524 1226 dominum
545 1168 576 1224 et
600 1158 630 1224 ei
667 1166 872 1243 competere,
910 1156 963 1220 cui
999 1156 1073 1241 ipsa
1103 1154 1190 1220 utilis
1227 1157 1276 1221 rei

110 1265 289 1332 uindicatio
313 1263 383 1330 dari
404 1261 505 1338 solet,
527 1257 846 1345 superficiario,
869 1257 1186 1344 emphyteutae,
1207 1259 1277 1346 pi-

111 1365 262 1455 gnoris
284 1362 498 1431 creditori.
541 1360 593 1426 cf.
613 1361 654 1424 L.
677 1359 724 1427 16.
746 1359 787 1425 de
807 1380 892 1423 seru.
915 1359 1020 1441 (VIII,
1040 1360 1102 1438 l.):

197 1467 283 1544 „Ea
315 1466 370 1551 qui
390 1465 522 1552 pignori
540 1462 676 1528 fundum
702 1461 849 1546 accepit,
867 1481 948 1536 non
968 1470 1018 1525 est
1039 1461 1189 1546 iniquum
1211 1463 1275 1528 uti-

194 1570 259 1635 lem
286 1567 477 1653 petitionem
506 1562 668 1630 seruitutis
704 1561 789 1641 dari,
827 1560 910 1626 sicut
937 1561 1040 1647 ipsius
1067 1562 1160 1628 tundi
1187 1564 1274 1631 utilis

193 1671 306 1758 petitio
329 1668 466 1733 dabitur.
507 1667 599 1733 Idem
614 1664 737 1732 seruari
758 1665 913 1731 conuenit
934 1686 966 1730 et
983 1664 1018 1728 in
1040 1685 1092 1742 eo,
1113 1665 1155 1730 ad
1177 1689 1275 1751 quem

195 1769 363 1856 uectigalis
384 1767 503 1834 fundus
526 1768 673 1854 pertinet.
716 1764 768 1832 Cf.
789 1767 829 1831 L.
853 1766 883 1833 9.
906 1767 947 1832 de
968 1766 1012 1832 0.
1033 1765 1076 1832 N.
1097 1765 1154 1831 N.:

112 1877 155 1940 L.
175 1878 205 1944 3.
230 1875 261 1956 ἓ
279 1875 309 1939 3.
332 1870 372 1934 de
396 1869 439 1934 O.
463 1868 504 1932 N.
525 1869 584 1934 N.:

197 1975 258 2053 „Si
279 1994 358 2059 ergo
382 1970 621 2056 superficiarius
644 1971 772 2035 sim....
814 1971 883 2039 Sed
904 1973 1043 2037 Praetor
1064 1972 1143 2037 mihi
1163 1973 1276 2040 utilem

195 2077 319 2141 iurem
342 2073 503 2138 actionem
524 2071 594 2148 dat,
627 2082 658 2137 et
679 2071 754 2137 ideo
783 2082 816 2137 et
841 2074 1032 2139 semitutum
1053 2097 1169 2140 caussa
1191 2076 1274 2141 actio

197 2173 277 2237 mihi
305 2172 433 2239 dabitur
461 2186 492 2239 et
514 2173 622 2260 operia
649 2174 728 2238 noui
757 2174 915 2240 nuntiatio
954 2175 1071 2242 debeat
1091 2176 1171 2242 mihi
1193 2199 1273 2243 eon-

199 2275 281 2340 cedi.
325 2273 376 2339 Cf.
394 2276 435 2339 L.
460 2276 487 2340 1.
510 2275 541 2358 §.
564 2274 594 2341 9.
616 2275 656 2340 de
679 2275 799 2361 superi.
820 2275 1045 2355 (ΧΧΧΧΙΙΙ,
1068 2277 1142 2359 18.).

115 2376 195 2444 Pari
214 2376 290 2440 loco
312 2374 481 2442 habendae
504 2386 578 2442 sunt
605 2377 767 2454 actiones,
798 2399 878 2461 quas
908 2379 1046 2443 intendit
1072 2379 1276 2446 bonorum

118 2499 356 2567 possessor
384 2488 422 2542 et
450 2477 654 2543 bonorum
683 2490 863 2564 emptor,
884 2479 961 2546 licet
980 2481 1020 2546 L.
1046 2483 1093 2550 18.
1117 2483 1158 2548 de
1180 2484 1274 2569 pign.

119 2593 178 2647 act.
203 2581 315 2664 (XIII,
335 2581 400 2662 7.]‚
431 2602 528 2664 quam
548 2579 646 2644 citare
668 2579 792 2658 solent,
821 2580 885 2646 hue
906 2582 1014 2648 lacere
1032 2606 1100 2650 non
1117 2585 1274 2663 videatur,

119 2681 433 2748 usufructuario
478 2691 584 2746 autern
629 2682 825 2768 competisse
855 2683 940 2749 hanc
973 2686 1134 2750 actionem
1167 2685 1274 2752 minus

119 2795 206 2851 recte
228 2807 268 2850 ex
287 2784 366 2852 La.
388 2783 428 2849 de
440 2783 482 2848 0.
494 2782 584 2848 N.N.
614 2793 645 2848 et
666 2784 706 2848 L.
726 2805 782 2848 un.
801 2785 832 2867 §.
855 2786 885 2850 1.
905 2784 947 2850 de
968 2786 1094 2852 remiss.
1116 2788 1275 2865 statuitur,

120 2909 226 2971 quum.
239 2885 350 2971 legum
373 2884 506 2950 istarum
523 2884 695 2952 auctoritas
718 2883 855 2950 elidatur
875 2886 916 2950 L.
937 2888 965 2952 1.
985 2910 1052 2971 pr.,
1078 2888 1120 2952 L.
1140 2889 1170 2954 5.
1192 2888 1224 2970 S.
1248 2891 1278 2954 1.

121 2989 150 3053 si
169 2988 263 3064 ussa,
286 3009 428 3074 'quarum
449 2986 558 3071 potior
589 2986 640 3050 uis
662 3008 734 3052 esse
755 2985 863 3052 debet.
903 2987 1017 3072 Itaque
1039 2989 1276 3054 usufructuario

120 3089 233 3156 utilem
261 3100 383 3154 tantum
421 3088 470 3153 rei
503 3086 757 3152 uindicationem
795 3087 939 3155 dicemus
971 3091 1133 3176 proditam
1167 3090 1278 3156 fuisse.

120 3192 203 3259 Viae
223 3212 318 3256 uersa
340 3189 436 3254 stiam
457 3188 551 3256 utiles
574 3189 717 3254 actiones
741 3201 874 3256 uocatas
904 3191 1025 3266 luisse,
1054 3213 1138 3277 quae
1166 3201 1281 3259 contra

122 3315 282 3381 personas
304 3300 505 3358 enumeratas
529 3291 761 3378 dirigerentur,
784 3291 940 3359 credibile
960 3294 1084 3378 est.⁴⁵)

124 3609 186 3668 pter
204 3604 290 3655 simile
320 3610 444 3660 seruituti
470 3607 511 3658 ius
541 3607 677 3672 competit,
729 3605 867 3668 faciemus,
887 3607 1016 3670 qunmab
1033 3591 1222 3661 iurelhomsno
1235 3610 1282 3660 de-

126 3704 158 3754 L.
183 3702 206 3754 1.
240 3700 265 3768 ξ.
293 3698 336 3751 2³.
376 3705 409 3752 ds
433 3717 477 3766 aq.
498 3707 526 3750 et
550 3703 677 3766 aq.pluu.
728 3697 866 3750 finitiones
884 3697 947 3747 illae
965 3697 1138 3750 abhorreant.

127 3795 311 3858 (XXXVIIII,
332 3790 376 3862 3.),
404 3795 457 3844 hue
474 3795 606 3846 trahenda
624 3809 681 3844 non
770 3788 816 3854 Η)
845 3792 877 3842 L.
895 3790 937 3842 tt.
967 3792 1001 3841 de
1030 3792 1058 3843 S.
1086 3793 1116 3845 P.
1145 3795 1179 3846 V.
1210 3797 1283 3846 utilis

126 3893 176 3937 est.
732 3886 803 3935 aetio
831 3885 947 3935 occurrit
977 3885 1112 3948 legatarii,
1140 3887 1182 3936 eui
1199 3888 1284 3938 serui·

181 3982 252 4032 Item
274 3981 451 4032 differentiam
475 3983 549 4032 illem
566 3997 582 4030 a
602 3993 681 4044 supe·
732 3987 792 4042 tus,
822 3979 1021 4031 acruminibus
1041 3979 1284 4043 officiatuntesta-

128 4074 231 4126 riorum
245 4074 416 4124 saeculorum
433 4075 623 4125 iureconsultis
642 4074 683 4124 in·
733 4078 827 4122 mento
847 4072 996 4122 constituta
1014 4078 1071 4134 est,
1096 4077 1191 4121 contra
1208 4072 1286 4121 here·

129 4175 172 4216 tcr
189 4167 238 4217 har
257 4166 338 4216 utiles
357 4167 478 4217 actiones
497 4168 602 4217 ratione
623 4167 684 4216 sub·
736 4164 806 4226 dem,
826 4163 871 4227 qui
888 4171 953 4226 post
970 4164 1120 4214 aedificium
1129 4165 1287 4228 depositum

129 4251 191 4309 iecti
211 4263 239 4308 et
250 4258 347 4310 obiecti
365 4259 492 4322 agitatam
512 4260 564 4324 (Of.
588 4260 686 4311 Kuor·
736 4270 831 4305 rursus
856 4270 938 4318 supra
962 4258 1080 4320 priorem
1105 4259 1216 4309 modum
1241 4271 1289 4308 ex·

131 4351 562 4418 arvseap.11.at1111.abinitio),
578 4352 689 4403 missam
737 4351 835 4401 tollere
855 4356 977 4400 conatur.
