3067 5117
255 433 316 508 232

255 587 394 673 placuit,
424 565 608 653 etiamnunc
631 598 747 663 teneo,
778 585 1004 672 grammatices
1031 584 1183 650 nimirum
1211 583 1332 649 auxilio
1362 581 1417 648 lo-

255 710 328 753 cum
349 687 530 752 sanandum
550 709 622 752 esse
643 687 856 752 contendens.

360 789 532 854 Instituere
553 787 649 853 liceat
668 787 731 851 hoc
752 787 975 852 ratiocinium:

362 891 463 954 Actor
500 887 528 952 si
565 887 622 964 id,
663 888 752 972 quod
790 899 976 965 asseuerat,
1013 891 1154 974 probare
1198 899 1329 975 potest,
1358 886 1417 951 uel

255 1010 404 1055 caussam
435 987 541 1054 uictor
573 986 742 1073 relinquit,
783 989 837 1054 uel
882 989 1122 1069 aduersarium,
1171 1002 1207 1054 ut
1245 988 1418 1076 probatio-

254 1113 330 1155 nem
352 1090 469 1156 actoris
496 1090 685 1176 impugnet,
715 1087 768 1152 uel
800 1091 993 1177 exceptione
1020 1102 1127 1157 utatur
1156 1113 1293 1176 eamque
1321 1111 1417 1154 com-

256 1190 384 1276 probet,
408 1191 520 1277 adigit.
544 1191 595 1258 cf.
614 1193 655 1257 L.
667 1192 714 1258 19.
731 1189 771 1256 C.
794 1192 836 1256 de
858 1192 997 1278 probat..
1037 1195 1220 1278 Vtrumque
1241 1213 1321 1256 uero
1345 1189 1416 1254 dici

255 1301 363 1376 potest
417 1294 752 1370 „contrarium.“
814 1292 892 1358 Non
928 1294 1015 1360 enim
1052 1294 1250 1360 contrarium
1292 1301 1341 1358 eet
1375 1289 1414 1352 id

255 1404 378 1458 tanturn
402 1394 490 1479 quod
513 1406 602 1460 recta
621 1395 676 1460 uia
698 1395 886 1481 oppositum
919 1406 986 1471 est,
1015 1395 1107 1461 uelut
1128 1393 1334 1461 affirmationi
1353 1415 1418 1456 ne-

255 1494 360 1578 gatio,
390 1494 448 1560 sed
480 1495 590 1562 omnia
616 1495 698 1560 haec
723 1519 792 1562 uox
820 1496 1061 1582 complectitur,
1091 1520 1176 1583 quae
1198 1496 1419 1561 obuersantur

255 1594 338 1658 aliis.
379 1595 536 1661 Probatio
557 1597 666 1682 itaque
687 1597 806 1662 actoris
828 1597 944 1675 eflicit,
971 1609 1009 1662 ut
1027 1621 1103 1664 reus
1125 1619 1260 1662 securus
1280 1617 1416 1660 manere

256 1703 407 1780 nequeat.
449 1697 519 1760 lam
540 1720 642 1774 uero,
688 1697 715 1762 si
754 1698 833 1783 quid
854 1711 944 1764 actor
964 1697 1220 1774 asseueraucrit,
1251 1717 1358 1779 neque
1380 1693 1420 1758 id

255 1795 395 1880 probare
417 1796 541 1875 ualeat,
562 1835 602 1848 --
626 1799 718 1864 uelut
746 1800 794 1864 X.
824 1800 895 1864 dari
917 1812 1069 1886 oportere
1093 1838 1129 1847 —
1152 1821 1246 1865 reum
1266 1795 1416 1863 necessi·

254 1907 318 1962 tate
338 1898 536 1962 contrarium
557 1900 759 1965 monstrandi
777 1937 819 1950 -·
838 1901 929 1965 uelut
956 1901 1063 1968 soluta
1091 1923 1163 1967 esse
1183 1900 1249 1975 Χ..
1276 1907 1330 1962 aut
1351 1919 1415 1982 pa-

255 2009 342 2062 ctum
374 2010 500 2064 exstare
538 1999 578 2066 de
614 2025 682 2066 non
717 2001 879 2067 soluendo
909 2040 950 2048 -
977 2025 1046 2066 non
1073 2001 1259 2086 adstringit:
1295 2008 1328 2062 et
1362 1995 1417 2059 his

255 2120 371 2163 caussa
397 2099 540 2164 additur:
569 2125 691 2186 „quum
720 2127 780 2189 per
805 2127 912 2169 rerum
941 2114 1089 2168 naturam
1116 2102 1236 2167 lactum
1263 2097 1419 2184 negantis

254 2198 345 2264 nulla
366 2200 406 2264 sit
426 2201 610 2286 probatio,“
643 2227 726 2288 quae
758 2205 925 2289 quomodo
944 2205 985 2269 sit
1007 2201 1202 2288 explicanda
1220 2201 1285 2265 iam
1306 2208 1416 2284 patet:

255 2300 462 2376 „lactum“
494 2302 581 2368 enim
610 2326 678 2368 non
707 2315 755 2369 est
785 2329 880 2370 casus
902 2315 1053 2391 quartus,
1089 2301 1148 2368 sed
1179 2300 1417 2376 nominalium,

254 2423 361 2485 neque
383 2401 471 2467 aliud
491 2405 666 2490 quicquam
688 2406 895 2492 exprimitur,
916 2406 980 2471 uisi
999 2406 1078 2471 hocs
1120 2404 1255 2485 „Quum
1272 2423 1417 2466 consen-

254 2511 384 2566 taneum
421 2503 478 2582 sit,
518 2505 638 2570 iactum
669 2507 758 2584 eius,
792 2507 848 2591 qui
875 2511 1046 2593 negat⁶⁵)‚
1067 2506 1212 2592 probare
1239 2525 1276 2568 se
1300 2525 1417 2588 posse,

252 2603 341 2688 quod
354 2605 599 2684 asseuerauerit,
621 2606 684 2672 hoc
706 2618 755 2672 est
775 2608 908 2694 ipsam
928 2609 1206 2694 negationem
1228 2604 1319 2668 nullo
1341 2626 1418 2668 mo-

257 2704 299 2770 do
321 2705 548 2792 probationem
569 2715 675 2772 esee.“
715 2709 760 2772 Et
790 2731 890 2793 quum
919 2709 1037 2776 actoris
1067 2709 1198 2774 demum
1218 2705 1419 2792 probatione

254 2829 329 2871 reus
358 2807 399 2872 ad
419 2807 646 2894 probationem
668 2807 836 2894 adigatur,
864 2810 1079 2876 rectissimum
1100 2821 1149 2875 est
1177 2819 1418 2895 argumentum,

255 2907 311 2972 ubi
349 2909 466 2974 actoris
505 2909 654 2996 probatio
692 2910 726 2973 in
763 2909 835 2975 sola
868 2912 1008 2996 quadarn
1036 2910 1246 2977 contentione
1275 2920 1417 2987 constet,

255 3029 346 3074 reum
367 3009 500 3076 omnino
523 3034 590 3076 non
613 3011 737 3097 attingi.
752 3015 805 3096 οθ)

254 3199 453 3208 ————-.-

291 3306 338 3377 65)
358 3313 440 3368 lun.
460 3316 486 3367 l.
504 3331 544 3379 pr.
564 3315 598 3364 de
616 3331 692 3372 usur.
714 3318 810 3383 (XXX,
862 3318 933 3369 tur.“
954 3317 1019 3370 Sed.
1036 3320 1108 3371 ΕΠ).
1120 3319 1293 3368 Munnnurvs
1312 3317 1342 3367 in
1359 3315 1417 3367 Ob·

256 3404 289 3470 l.)
309 3407 456 3470 „iactam
476 3409 667 3460 tradendi.“
862 3411 1063 3461 remotionibus
1120 3411 1217 3460 criticis
1270 3410 1416 3459 Ouidianis

292 3498 337 3565 6θ)
364 3499 472 3550 Similes
499 3513 586 3560 nugas
612 3502 747 3551 interdum
766 3502 806 3550 ui·
859 3507 956 3569 (Halae
984 3488 1232 3565 mcccxxxv.)
1264 3503 1293 3552 in
1324 3503 1418 3550 corol-

253 3611 345 3645 rorum
375 3595 517 3643 doctorum
548 3591 645 3641 oculor
678 3596 806 3656 effugere,
856 3594 927 3643 lario
946 3595 1053 3644 adiecto
1075 3596 1128 3647 Th.
1146 3593 1171 3645 8.
1195 3603 1268 3644 recte
1286 3595 1418 3643 docuisse

254 3687 396 3736 tertiaeet
421 3687 567 3736 Trnvuuvs
589 3684 613 3746 1,
642 3683 666 3734 9.
687 3683 743 3748 tib,
762 3686 810 3735 ubi
859 3687 979 3751 uidetur,
1015 3686 1135 3737 futurum
1161 3701 1222 3737 erse
1251 3687 1328 3737 uerbi
1360 3687 1418 3750 „la-

256 3793 351 3828 omneu
373 3778 402 3848 in
427 3791 460 3826 eo
482 3776 703 3840 consentiebant,
732 3779 808 3840 quod
859 3781 946 3831 cerc.“

255 3886 313 3920 uox
338 3868 465 3934 „sacies“
494 3868 565 3918 dicta
590 3867 625 3917 rit
650 3882 700 3931 pro
723 3869 807 3932 „uul-
