3067 5117
1197 390 1257 459 iss

109 564 246 625 merrus,
280 546 346 631 (nel
367 546 477 633 potins
497 546 546 623 is,
574 545 628 611 oui
646 543 758 609 titulus
780 543 836 609 ille
858 552 926 609 eret
946 538 1174 627 redigendus)
1194 561 1256 606 uo·

109 668 170 711 cem
191 649 486 723 ,‚sernitutcs“
509 644 735 712 substituendo
757 644 945 731 generalem
959 644 993 707 in
1015 640 1162 729 regulam
1182 664 1254 706 mu-

107 747 227 825 tauerit,
255 747 353 833 idque
374 748 452 813 inde
478 746 592 835 colligi
620 746 806 823 contendit,
837 744 926 831 quod
947 744 1049 810 uerba
1069 742 1255 830 parenthesi

107 846 222 913 inclusa
242 848 284 913 ad
301 850 535 914 usumfructum
556 846 737 913 luculenter
755 828 942 932 respiciant.

201 950 269 1014 Aut
302 949 347 1015 ita
376 947 637 1015 ratiocinandum
664 948 836 1034 proponit:
876 948 1059 1015 ermvs
1091 946 1254 1013 directo

107 1049 179 1115 duas
200 1050 235 1114 in
255 1074 325 1117 rem
346 1051 491 1116 actiones
513 1049 554 1116 de
578 1048 786 1115 senritutibus
812 1060 1014 1135 competere,
1045 1046 1195 1135 perhibet
1224 1058 1256 1113 ct

104 1161 180 1215 recte
198 1152 341 1236 quidem.
392 1152 432 1216 In
452 1174 522 1217 rem
543 1150 630 1216 enim
657 1146 802 1215 actiones
832 1150 902 1214 siue
931 1148 1170 1214 uindicationes
1197 1171 1253 1216 eas

105 1260 217 1316 tuntum
239 1252 410 1317 nominare
430 1272 624 1337 possumus,
653 1274 734 1337 quas
759 1259 873 1317 contra
893 1269 1119 1336 possessorem
1139 1250 1254 1337 dirigi·

104 1372 175 1414 mus.
217 1350 432 1419 Confessoria
454 1353 553 1439 igitur
576 1353 764 1417 seruitutem
787 1350 882 1417 nobis
904 1352 1126 1437 interceptam,
1150 1374 1254 1438 nega-

103 1450 174 1517 toria
192 1452 377 1519 libertatem
398 1478 419 1518 a
441 1452 588 1519 dominio
610 1454 770 1519 sublatam
793 1451 1007 1518 uindicamus.
1043 1452 1155 1535 Quum
1174 1476 1251 1518 vcro

102 1550 144 1614 ius
163 1552 259 1618 nobis
281 1554 316 1618 in
337 1564 451 1619 nostro
474 1565 659 1641 competere
682 1554 870 1630 asserimus,
892 1553 982 1638 quod
1002 1552 1125 1619 nullam
1147 1554 1251 1619 serui-

23 1701 24 1732 ,
105 1662 194 1719 tutem
215 1654 394 1732 debemus,
422 1653 475 1719 uel
500 1655 550 1720 ius
577 1655 612 1719 in
639 1675 699 1720 suo
721 1678 790 1719 non
810 1664 995 1740 competere
1017 1653 1254 1734 contendimus,

23 1747 24 1812 ᾖ
103 1754 131 1817 in
151 1756 362 1840 possessione
383 1755 625 1841 quodammodo
656 1756 736 1820 iuris
764 1778 838 1823 esse
867 1756 1026 1821 uidemur.
1072 1756 1182 1842 Atque
1202 1778 1252 1834 ee,

23 1853 24 1934 ἶ
104 1876 176 1938 quae
195 1856 418 1944 possidentur,
438 1856 606 1923 uindicare
628 1855 731 1933 uelle,
755 1879 815 1923 seu
838 1856 965 1923 actione
993 1856 1027 1922 in
1049 1878 1117 1923 rem
1137 1878 1251 1943 perse-

101 1956 157 2039 qui,
178 1956 219 2022 de
239 1957 460 2024 uindicatione
482 1956 650 2024 doctrinae
670 1958 868 2025 contrarium
888 1970 946 2023 est.
971 1958 1039 2026 Sed
1061 1980 1160 2043 quum
1169 1980 1250 2045 pos·

22 2049 23 2096 ἶ
100 2056 192 2121 sessio
222 2058 342 2123 iurium
366 2059 408 2123 sit
429 2059 604 2137 uacillans,
638 2082 699 2125 nec
728 2059 824 2125 facile
854 2061 927 2147 quis
957 2059 1145 2146 possideat,
1179 2059 1252 2144 quis

22 2159 23 2169 ’
100 2178 166 2233 non,
188 2158 362 2225 diiudicari
381 2160 497 2246 possit,
519 2160 604 2226 actio
624 2159 829 2227 confessoris
849 2172 880 2226 et
903 2160 1074 2248 negatoria
1093 2160 1189 2226 etiem
1209 2160 1250 2226 iis

99 2256 216 2340 prodita
234 2269 294 2336 est,
316 2262 372 2346 qui
394 2262 429 2325 in
450 2262 661 2347 possessione
681 2262 761 2327 iuris
785 2284 857 2329 esse
877 2262 1039 2339 uidentur,
1062 2285 1127 2349 quo
1149 2284 1250 2349 expe-

99 2357 185 2424 ditius
206 2358 419 2428 difficillimae
440 2363 482 2428 dc
502 2363 573 2430 iure
595 2364 843 2429 controuersiae
867 2363 1091 2450 expediantur.

192 2459 296 2543 Quod
323 2463 529 2529 ratiocinium
556 2464 762 2530 artificiosius
791 2488 882 2543 esse,
919 2488 1016 2551 quam
1047 2465 1249 2551 probabilius

99 2550 299 2646 inpromptu
320 2574 380 2641 est,
401 2586 509 2648 neque
529 2565 638 2650 ipsum
657 2568 905 2635 Vuurfluurvu
926 2565 1037 2652 magni
1057 2565 1173 2633 fecisse
1189 2567 1248 2635 has

99 2682 191 2747 nugas
211 2663 412 2748 persuadere
428 2665 509 2729 mihi
528 2687 675 2752 possum.
722 2668 792 2733 Nos
823 2666 1097 2753 quemadmodum
1124 2670 1244 2737 rectius

99 2761 134 2824 sit
153 2762 348 2850 explicanda
368 2765 424 2831 lex
442 2765 509 2843 illa,
532 2767 638 2833 statim
658 2768 853 2846 uidebimus,
875 2768 1148 2853 quemadmodum
1167 2795 1247 2840 uero

97 2871 156 2929 tota
184 2866 392 2933 Vuurflnun
424 2866 537 2954 opinio
558 2880 701 2937 ceterum
720 2870 894 2959 ingeniosa
920 2868 961 2934 sit
989 2872 1194 2939 emendanda
1213 2875 1245 2959 §-

93 2963 118 3027 5.
137 2963 366 3053 disquiremus.

632 3502 664 3587 s.
683 3505 714 3570 4.

468 3664 492 3718 3.
528 3674 666 3727 armeus
684 3674 851 3729 surarum

184 3834 237 3898 Ex
267 3832 319 3911 iis,
337 3857 423 3919 quae
450 3858 551 3924 supra
580 3840 612 3924 §-
633 3842 661 3907 1.
685 3841 850 3929 disputate
881 3855 974 3923 sunt,
1006 3844 1176 3912 seruitutes
1199 3870 1240 3913 ex

89 3930 303 4016 antiquissima
333 3936 489 4021 opinione
518 3961 586 4003 non
612 3942 746 4029 propria
768 3944 927 4028 quaedam
960 3945 1031 4011 iura
1060 3947 1237 4025 continere,

88 4029 196 4097 sedin
219 4034 365 4102 dominio
393 4038 447 4104 uel
470 4040 607 4106 adaucto
629 4042 683 4108 uel
712 4041 879 4109 deminuto
909 4047 1087 4113 consistere
1116 4049 1236 4134 proba-

87 4140 147 4197 tum
167 4156 256 4214 esse,
286 4138 446 4224 apparuit.
488 4140 583 4224 Quae
603 4166 703 4228 quum
728 4145 774 4210 ita
801 4163 919 4224 essent,
943 4157 1112 4234 utramque
1133 4150 1235 4215 actio-

86 4253 153 4298 nem
171 4259 274 4321 aeque
297 4261 334 4305 ac
352 4239 400 4305 rei
420 4240 675 4309 uindicationcm
693 4269 735 4311 cx
757 4246 903 4312 dominio
924 4259 1033 4315 natam
1051 4272 1124 4315 esse
1144 4250 1236 4317 licuit

86 4336 283 4405 contendere.
323 4340 431 4407 Porro
452 4363 551 4417 uero,
586 4364 686 4428 quum
706 4368 827 4416 nomen
847 4350 1034 4437 utriusque,
1067 4354 1156 4441 quod
1182 4376 1235 4421 re-
