3067 5117
1197 423 1258 490 2⁴27

96 580 252 646 nitutibus
283 578 324 643 de
357 577 514 644 libertatis
546 577 746 662 usucapione
782 574 918 651 dieitur,
959 576 1048 658 quor]
1076 576 1147 640 fieri
1189 597 1257 639 non

94 692 228 768 posset,
256 679 320 744 nisi
347 679 479 744 libertas
499 702 518 744 a
539 679 692 743 seruitute
714 675 850 742 dominii
871 677 1006 741 notione
1027 677 1256 753 contineretur,

95 783 231 869 egregie
269 781 430 846 sententia
459 790 571 844 nostra
612 779 831 844 confirmatur.
881 778 933 844 Cf.
963 779 1255 845 Gasrnanmmvs

95 888 128 969 ς.
146 887 177 950 4.
199 907 260 970 pn,
283 883 470 949 Sruvuavs
493 905 526 966 p.
550 883 609 958 la,
632 882 887 948 Vonnsrcrnvs
908 881 939 963 §.
965 881 1254 955 19.‚Rarnnano·

94 1003 163 1050 rvs
185 985 535 1070 p.220.,uavnas1vs
558 983 589 1066 ᾗ.
608 983 648 1059 5,
670 981 845 1068 praecipue
874 983 1034 1046 Essuavs
1057 983 1203 1066 p.1-5..

205 1085 330 1150 Vnicus
352 1095 459 1150 autem
480 1083 592 1161 locus,
622 1083 677 1168 qui
699 1105 759 1168 pro
786 1083 897 1147 ΡΑΡΙο
919 1085 1025 1149 lacere
1047 1083 1197 1149 uideatur
1215 1085 1269 1148 L.·

97 1185 499 1269 fileSRW

180 1287 326 1362 „Futuro
347 1309 478 1372 quoque
500 1286 667 1364 aedificio,
690 1288 779 1374 quod
800 1288 948 1352 nondum
969 1298 1035 1365 est,
1058 1288 1112 1353 uel
1133 1287 1258 1374 imponi

182 1390 235 1454 uel
257 1389 383 1473 adquiri
406 1388 544 1452 seruitus
566 1398 708 1473 potcst,“

97 1492 188 1556 unde
213 1491 286 1576 quis
320 1489 488 1566 coniiciat,
524 1491 685 1555 interdum
707 1501 793 1557 certe
821 1493 928 1558 statim
958 1492 998 1557 ab
1032 1492 1125 1556 initio
1157 1491 1261 1558 libera

98 1617 167 1657 non
199 1615 271 1657 esse
299 1591 460 1668 dominia,
499 1591 582 1656 nihil
611 1593 772 1668 continet,
803 1593 867 1656 nisi
891 1605 1022 1678 paetum
1050 1593 1259 1678 anticipatum

98 1694 542 1780 [VOLLsnou1vs§.lll.c.
565 1695 613 1777 l),
638 1718 714 1760 nam
736 1694 874 1759 seruitus
897 1695 967 1759 sine
993 1717 1029 1760 re
1058 1718 1100 1760 ne
1122 1695 1258 1779 cogitari

99 1797 232 1883 quidem
253 1805 372 1882 potest,
394 1795 502 1879 itaque
523 1807 695 1880 antequam
716 1819 768 1860 res
792 1795 885 1873 adsit,
907 1796 974 1860 uim
994 1795 1114 1862 habere
1135 1794 1258 1879 nequit.

205 1897 303 1970 Noua
326 1918 384 1960 sua
407 1896 560 1973 dominii,
594 1919 690 1980 quam
713 1898 747 1960 in
777 1906 884 1962 mente
906 1896 1035 1974 habuit,
1069 1896 1259 1962 definitione

99 2001 201 2066 fretus
221 2000 355 2064 PAPIVS
377 1997 507 2074 deinde,
530 1998 619 2083 quod
642 2009 673 2062 et
702 1998 815 2083 legum
837 2000 1019 2084 praeceptis
1038 1998 1115 2063 satis
1137 1997 1258 2062 confir-

98 2113 221 2168 matum
244 2111 275 2166 et
297 2099 467 2164 doctorum
488 2099 655 2164 sententiis
678 2109 864 2166 constanter
885 2100 1029 2166 adiutum
1051 2110 1116 2176 est,
1137 2109 1261 2164 rectum

99 2227 172 2270 esse
191 2211 300 2288 negat,
323 2201 485 2266 actionem
503 2203 706 2286 negatoriam
726 2203 810 2266 tueri
827 2201 953 2286 praedii
971 2201 1163 2278 libertatem,
1185 2225 1261 2266 narn

100 2317 132 2372 et
155 2327 230 2370 eum
250 2301 418 2389 negatoria
440 2323 537 2386 agere
558 2325 676 2386 posse,
701 2303 792 2368 cuius
813 2325 865 2368 res
888 2303 1028 2380 seruiat,
1056 2305 1165 2387 itaque
1186 2301 1261 2366 huic

100 2407 142 2472 ad
165 2405 347 2471 libertatern
369 2403 505 2468 dominii
526 2405 758 2470 recurrendum
790 2427 858 2472 non
880 2427 971 2480 esse,
1004 2404 1062 2469 scd
1091 2405 1133 2470 ad
1154 2403 1261 2470 domi-

101 2509 193 2572 nium
213 2507 247 2570 in
269 2528 405 2592 genere:
428 2528 511 2590 quae
535 2505 647 2590 opinio
669 2527 782 2570 rursus
803 2505 886 2570 falso
907 2504 1019 2568 nititur
1038 2505 1260 2583 fundamento,

102 2609 191 2694 quod
209 2607 332 2672 scilicet
351 2608 483 2672 PAPIVS
505 2617 619 2673 contra
638 2607 805 2693 singulos,
839 2607 895 2691 qui
914 2608 1103 2674 seruitutem
1124 2607 1187 2672 sibi
1208 2633 1261 2673 ar-

99 2719 238 2794 rogent,
269 2730 384 2772 reuera
405 2707 574 2772 dominum
601 2708 693 2772 fundi
713 2708 895 2792 libertatem
927 2708 1058 2793 plenam
1087 2709 1262 2774 defendere

101 2833 201 2896 posse
224 2809 444 2895 praeteruidit,
468 2810 522 2890 (L.
544 2811 574 2876 4.
603 2811 634 2892 ὃ.
655 2813 684 2876 7.
715 2809 744 2874 si
765 2812 866 2892 seru.)
897 2820 928 2873 et
954 2832 1022 2874 una
1047 2809 1089 2874 de
1108 2809 1262 2874 seruitute
1292 2844 1300 2857 ·

102 2910 231 2976 actione
251 2931 353 2974 unum
374 2919 497 2974 tanturn
519 2911 643 2994 attingi,
666 2931 734 2974 non
758 2933 890 2986 omnes,
921 2910 977 2996 qui
1004 2910 1175 2976 seruitutes
1203 2909 1263 2974 ha-

102 3015 202 3078 beant
221 3011 256 3075 in
278 3010 394 3076 eodem
413 3009 560 3097 praedio,
585 3033 652 3075 non
674 3012 906 3077 considerauit.

210 3111 358 3189 Caetera,
383 3135 466 3197 quae
486 3112 620 3177 Pnervs
642 3135 684 3176 cx
704 3114 895 3178 commentis
919 3115 985 3179 suis
1005 3112 1184 3190 extricauit,
1206 3135 1263 3178 cu-

102 3214 205 3282 iusuis
229 3202 370 3279 examini
391 3214 615 3299 relinquimus,
641 3214 682 3279 ad
705 3239 743 3280 ea
765 3225 980 3292 transeuntes,
1003 3239 1086 3300 quae
1106 3215 1140 3280 in
1163 3238 1264 3300 quae-

103 3318 221 3383 stionis
249 3315 325 3380 huie
354 3312 561 3402 paragrapho
590 3315 755 3400 praefixa-e
784 3316 952 3382 utilitatem
982 3317 1060 3382 inde
1089 3317 1264 3382 constituit.

102 3422 228 3488 Verum
252 3417 338 3483 enim
361 3417 471 3502 prauis
495 3417 632 3481 aliorum
664 3417 880 3504 opinionibus
910 3417 1084 3484 cumulum
1104 3418 1252 3504 imposu-

103 3523 170 3588 isse
191 3520 330 3585 uidetur.

208 3621 248 3686 In
269 3643 308 3688 eo
337 3619 443 3697 enim,
476 3620 533 3705 qui
560 3643 601 3685 ex
623 3622 778 3710 seruitute
799 3623 833 3686 in
860 3622 1042 3688 libertatem
1069 3621 1264 3699 uindicatur,

102 3725 208 3791 solam
228 3723 276 3789 rei
297 3721 526 3788 uindicationis
552 3723 737 3810 analogiam
763 3723 995 3789 admittendam
1023 3747 1096 3789 esse
1127 3745 1264 3789 conces-

104 3827 164 3902 sit,
200 3836 232 3892 at
264 3844 342 3890 uero
370 3825 573 3910 negatoriam
603 3825 764 3890 actionem
797 3824 887 3890 uelut
914 3824 1092 3911 imaginem
1117 3848 1210 3891 suam
1231 3826 1266 3890 in

104 3929 146 3992 iis
167 3925 314 3992 inuenire
337 3923 523 3990 actionibus
548 3924 731 4002 contendit,
766 3925 883 4010 quibus
909 3925 950 3991 de
975 3927 1044 3991 iure
1073 3936 1263 4011 patronatus

106 4040 240 4116 agatur,
264 4049 363 4115 quum
386 4023 446 4110 ‚uel¹
462 4023 508 4104 is„
542 4026 597 4108 qui
621 4026 662 4091 sit
682 4026 716 4120 iu
744 4025 962 4116 possessione,
977 4026 1196 4099 libertinitatis
1214 4029 1266 4092 in-

107 4149 252 4216 genuum
274 4150 309 4192 se
337 4126 439 4203 dicat,
468 4126 533 4192 uel·
549 4127 589 4204 is,
612 4127 677 4212 qui·
692 4128 733 4191 sit
754 4129 789 4192 in
818 4129 1028 4214 possessione
1050 4126 1270 4215 ingenuitatis,

104 4230 239 4306 libertus
262 4227 396 4315 dicatur.
437 4228 590 4306 Eundem
611 4229 699 4320 enirn
721 4229 859 4319 relatum
887 4251 963 4296 esse
979 4229 1268 4322 interlibert‘atcm·
1357 4243 1364 4257 ·

106 4340 139 4396 et
161 4330 232 4396 iura
248 4323 389 4415 patroni,
414 4341 510 4418 atque
532 4331 615 4396 inter
638 4329 819 4397 dominium
840 4341 871 4398 et
888 4331 1087 4420 seruitutem,
1109 4343 1141 4397 et
1161 4333 1267 4421 ipsam
