3067 5117
1198 417 1257 486 191

110 576 161 652 (ut
177 569 422 657 legitimationis
437 567 479 633 ad
499 570 582 652 rem)
605 578 636 634 et
659 568 821 634 seruitutis
843 567 1030 635 aduersario
1047 589 1116 632 non
1136 566 1262 632 debitae

110 672 246 755 exsequi
278 669 459 746 debuisset,
489 691 588 754 quum
619 670 771 736 facillime
798 671 926 737 actione
951 669 1166 758 prohibitoria
1185 687 1262 732 usus

109 771 287 849 effecisset,
307 781 343 837 ut
362 768 524 836 seruitutis
556 768 670 838 saltem
697 769 848 856 probatio
875 770 918 836 ad
946 768 1169 837 aduersarium
1187 787 1262 852 per-

109 872 249 938 tineret?

214 975 367 1039 Attamen
395 972 566 1058 negatoria
595 973 723 1038 actione
745 967 993 1058 prohibitoriam
1013 971 1082 1036 iere
1104 967 1262 1054 exstirpa-

111 1085 178 1140 tarn
198 1059 283 1150 essb,
304 1073 380 1138 inde
401 1082 555 1160 apparet,
575 1072 664 1157 quod
686 1083 751 1138 tam
773 1095 846 1137 raro
867 1071 964 1136 huius
984 1069 1121 1136 actionis
1141 1069 1263 1134 mentio

109 1175 196 1240 facta
215 1183 282 1239 est:
304 1183 336 1238 et
354 1195 467 1238 rursus
489 1172 570 1240 haec
590 1172 780 1258 negatoriae
801 1173 938 1238 uictoria
959 1172 1052 1237 aliter
1073 1169 1185 1254 nequit
1205 1192 1262 1234 ex-

109 1273 241 1360 plicari,
274 1273 338 1340 nisi
363 1273 425 1351 ita,
465 1284 516 1350 ut,
554 1273 631 1339 dum
659 1273 808 1340 latiorem
826 1273 937 1358 paullo
962 1271 1075 1338 orbem
1095 1271 1264 1357 negatoria

111 1374 407 1452 circumscriberet,
435 1375 576 1460 ideoque
603 1375 708 1461 magis
735 1399 771 1440 se
804 1373 1057 1450 commendaret,
1090 1373 1145 1456 (ci.
1166 1395 1264 1460 supra

109 1477 143 1560 ὃ.
161 1475 192 1542 8.
211 1475 245 1540 in
266 1474 367 1558 med.)
394 1486 426 1542 et
445 1485 614 1560 praeterea
641 1474 870 1542 condemnatio
892 1497 934 1541 ex
953 1474 1015 1539 hac
1038 1473 1164 1538 actione
1186 1496 1264 1558 pro-

111 1574 265 1662 grediens
294 1575 400 1664 magis
426 1576 589 1662 placeret,
625 1599 707 1642 onus
737 1589 846 1642 tamen
875 1574 1038 1662 probandi
1067 1574 1101 1638 in
1128 1586 1264 1658 utraque

111 1677 238 1746 actione
261 1675 304 1742 ad
324 1676 430 1744 sulum
451 1677 631 1744 dominium
652 1677 747 1742 fuerit
769 1676 916 1742 relatum.

215 1779 260 1842 Et
286 1777 350 1843 hoc
378 1801 437 1864 per
467 1801 502 1843 se
526 1779 615 1843 omni
642 1801 681 1843 ex
711 1789 802 1863 parte
824 1777 973 1843 sulficere
993 1774 1115 1861 possit,
1139 1775 1265 1840 etiamsi

111 1879 176 1950 alia
196 1889 387 1966 argumenta
407 1901 474 1946 non
497 1878 721 1959 inueniuntur,
744 1877 803 1944 sed
825 1878 898 1964 ipsa
919 1876 1055 1944 actionis
1075 1878 1264 1962 negatoriae

110 1981 247 2050 intentio
269 1980 311 2047 ad
331 1981 472 2048 eundem
491 2003 626 2067 prorsus
647 1981 746 2046 linem
766 1980 925 2065 perducit.

217 2080 318 2164 Quod
344 2091 516 2167 antequam
541 2081 772 2168 expediemus,
797 2104 899 2146 unum
919 2092 1019 2148 restat
1038 2080 1180 2146 breuiter
1200 2092 1265 2145 tra-

110 2181 281 2258 ctandum,
303 2183 393 2266 quod
414 2205 513 2270 supra
531 2182 579 2266 (S.
600 2181 642 2262 8.)
665 2183 722 2248 uix
743 2181 958 2248 coniectando
980 2181 1133 2248 illustrari
1155 2204 1264 2267 posse,

110 2281 271 2360 diximus,
299 2282 438 2360 scilic-et,
469 2294 503 2348 ut
524 2305 736 2368 quaeramus,
766 2286 899 2369 quinam
918 2283 1038 2349 iactum
1059 2307 1131 2349 esse
1152 2283 1265 2348 uidea-

109 2396 180 2461 tur,
201 2394 236 2448 ut
254 2382 344 2451 iuxta
364 2384 567 2470 negatoriam
589 2384 750 2449 actionem
772 2384 988 2470 prohibitoria
1009 2384 1183 2462 exstiterit,
1212 2383 1265 2450 uel

109 2485 183 2550 uice
212 2505 309 2553 uersa
335 2485 506 2570 negatoria
536 2484 625 2553 iuxta
645 2485 904 2572 prohibitoriam.
946 2486 1105 2570 Quamuis
1128 2486 1215 2551 enim
1233 2486 1267 2549 in

111 2597 200 2650 certa
223 2595 255 2651 et
275 2585 444 2672 explorata
464 2608 500 2654 re
533 2585 708 2652 subsistere
746 2597 779 2652 et
816 2609 884 2652 non
927 2608 1010 2671 opus
1041 2609 1112 2652 esse
1148 2586 1266 2653 iactare

109 2685 293 2772 possimus,
313 2697 350 2754 ut
368 2685 508 2754 obscura
531 2685 729 2771 antiquitatis
750 2686 887 2753 delubra
917 2686 960 2752 ad
985 2681 1149 2773 principia
1170 2689 1266 2754 insti-

110 2786 171 2850 tuti
191 2785 360 2855 cuiusdam
381 2787 610 2874 inuestiganda
630 2797 881 2874 perscrutemur,
903 2787 995 2852 cuius
1016 2788 1090 2874 ipsa
1108 2786 1268 2855 exsisten-

111 2887 158 2956 tia
178 2909 311 2973 prorsue
333 2887 488 2966 suilioiat,
511 2887 722 2956 nihilominus
743 2887 924 2975 periculum
943 2888 1110 2955 iaciamus.

216 2988 393 3074 Negatorie
424 3000 456 3056 et
490 2989 689 3056 confessorie
723 2989 900 3074 aliquando
929 3000 1131 3056 sacramento
1163 3001 1269 3056 actum

110 3088 213 3154 luisse
248 3088 409 3168 uidimus,
442 3091 487 3156 ita
518 3102 554 3156 ut
582 3091 719 3157 Praetor
751 3091 911 3164 uindicias
944 3091 1085 3158 dicendo
1106 3103 1269 3170 statueret,

111 3189 185 3275 quis
207 3189 335 3266 actoris,
358 3191 429 3277 quis
452 3192 499 3258 rei
518 3201 626 3278 partes
649 3191 832 3256 sustineret.

216 3291 260 3355 Et
286 3290 343 3356 illo
375 3289 507 3375 quidem
535 3302 700 3378 tempore,
730 3313 795 3376 quo
818 3313 880 3361 uec
912 3293 1005 3378 quasi
1034 3297 1269 3381 prossessionis

111 3389 204 3456 notio
234 3413 295 3457 nec
325 3391 398 3477 ipsa
425 3392 465 3456 de
488 3392 642 3459 seruitute
672 3393 821 3461 doctrina
848 3393 1024 3460 admodum
1045 3409 1113 3461 erat
1132 3399 1270 3477 exculta,

111 3489 173 3556 sed
194 3492 364 3556 seruitutes
387 3492 480 3576 quusi
502 3495 709 3560 extensiones
741 3507 774 3560 et
794 3495 1033 3562 deminutiones
1058 3499 1194 3565 dominii
1212 3501 1271 3568 ha·

110 3591 288 3669 bebautur,
320 3593 376 3658 uix
396 3593 536 3660 dubitari
556 3607 682 3682 potest,
714 3597 793 3683 quin
821 3619 951 3683 semper
971 3586 1133 3666 uindiciae
1153 3625 1270 3669 secun-

111 3694 191 3758 dum
214 3693 381 3760 dominum
406 3695 511 3761 dictae
537 3695 671 3775 fuerint,
703 3699 759 3783 qui
779 3699 833 3764 uel
859 3698 1054 3765 defendebat
1073 3703 1270 3785 senritutem,

110 3795 167 3862 uel
183 3795 224 3862 de
238 3796 391 3862 seruitute
414 3795 447 3860 in
468 3796 518 3861 ius
539 3797 726 3864 uocabatur.
749 3797 1270 3890 Ci.anscHnarnnr1vsp.13..

218 3898 331 3983 Itaque
352 3897 472 3967 iudicia
490 3898 558 3964 iere
581 3921 710 3985 semper
735 3912 828 3968 erant
848 3901 1066 3969 confessorias
1099 3904 1171 3970 aliis
1196 3929 1271 3972 uer·

110 3997 181 4075 bis,
216 3998 252 4062 in
285 3999 412 4065 actione
435 3999 604 4086 negatoria
632 3999 673 4066 ad
704 4001 932 4087 probationem
963 4026 1038 4069 reus
1069 4006 1271 4094 adigebatur,

111 4110 341 4186 praeterquam
356 4100 384 4165 si
407 4099 447 4164 de
468 4101 622 4166 seruitute
644 4101 812 4188 negatoria
835 4116 996 4189 ageretur.

219 4199 351 4266 Deinde
385 4223 464 4266 uero
499 4223 599 4285 quum
636 4203 869 4290 sponsionibus
905 4207 961 4292 agi
989 4217 1140 4294 coeptum
1174 4224 1273 4288 esset,

111 4303 226 4388 quaeri
248 4303 370 4389 potuit,
402 4301 676 4388 quemadmodum
697 4306 834 4394 sponsio
861 4307 934 4377 talis
961 4309 1199 4389 institueretur,
1230 4333 1272 4380 ne
