<?xml version="1.0" encoding="UTF-8"?>
<!DOCTYPE html PUBLIC "-//W3C//DTD XHTML 1.0 Transitional//EN"
    "http://www.w3.org/TR/xhtml1/DTD/xhtml1-transitional.dtd">
<html xmlns="http://www.w3.org/1999/xhtml" xml:lang="en" lang="en">
 <head>
  <title>
</title>
<meta http-equiv="Content-Type" content="text/html;charset=utf-8" />
  <meta name='ocr-system' content='tesseract 3.04.00' />
  <meta name='ocr-capabilities' content='ocr_page ocr_carea ocr_par ocr_line ocrx_word'/>
</head>
<body>
  <div class='ocr_page' id='page_1' title='image "./commentationesi00perngoog_0045.png"; bbox 0 0 3067 5117; ppageno 0'>
   <div class='ocr_carea' id='block_1_1' title="bbox 1273 416 1316 487">
    <p class='ocr_par' dir='ltr' id='par_1_1' title="bbox 1273 416 1316 487">
     <span class='ocr_line' id='line_1_1' title="bbox 1273 416 1316 487; baseline 0 0"><span class='ocrx_word' id='word_1_1' title='bbox 1273 416 1316 487; x_wconf 76' lang='lat'>27</span> 
     </span>
    </p>
   </div>
   <div class='ocr_carea' id='block_1_2' title="bbox 151 556 1316 1159">
    <p class='ocr_par' dir='ltr' id='par_1_2' title="bbox 151 556 1316 1159">
     <span class='ocr_line' id='line_1_2' title="bbox 262 556 1315 648; baseline 0.01 -24"><span class='ocrx_word' id='word_1_2' title='bbox 262 556 348 625; x_wconf 88' lang='lat' dir='ltr'>Nam</span> <span class='ocrx_word' id='word_1_3' title='bbox 369 560 398 626; x_wconf 91' lang='lat' dir='ltr'>si</span> <span class='ocrx_word' id='word_1_4' title='bbox 419 560 526 648; x_wconf 87' lang='lat' dir='ltr'>portio</span> <span class='ocrx_word' id='word_1_5' title='bbox 550 572 685 631; x_wconf 85' lang='lat' dir='ltr'>onerata</span> <span class='ocrx_word' id='word_1_6' title='bbox 705 564 839 633; x_wconf 77' lang='lat' dir='ltr'><strong>accedat</strong></span> <span class='ocrx_word' id='word_1_7' title='bbox 859 586 928 631; x_wconf 92' lang='lat' dir='ltr'>non</span> <span class='ocrx_word' id='word_1_8' title='bbox 950 574 1102 632; x_wconf 81' lang='lat' dir='ltr'>oneratae</span> <span class='ocrx_word' id='word_1_9' title='bbox 1120 564 1192 633; x_wconf 84' lang='lat' dir='ltr'>fieri</span> <span class='ocrx_word' id='word_1_10' title='bbox 1207 576 1315 637; x_wconf 83' lang='lat' dir='ltr'>tamen</span> 
     </span>
     <span class='ocr_line' id='line_1_3' title="bbox 155 664 1313 752; baseline 0.012 -30"><span class='ocrx_word' id='word_1_11' title='bbox 155 667 278 743; x_wconf 90' lang='lat' dir='ltr'>potest,</span> <span class='ocrx_word' id='word_1_12' title='bbox 301 671 335 725; x_wconf 92' lang='lat' dir='ltr'>ut</span> <span class='ocrx_word' id='word_1_13' title='bbox 352 675 530 750; x_wconf 82' lang='lat' dir='ltr'><strong>augeantur</strong></span> <span class='ocrx_word' id='word_1_14' title='bbox 548 665 656 752; x_wconf 85' lang='lat' dir='ltr'>legata</span> <span class='ocrx_word' id='word_1_15' title='bbox 677 689 697 731; x_wconf 93' lang='lat' dir='ltr'>a</span> <span class='ocrx_word' id='word_1_16' title='bbox 716 664 888 732; x_wconf 88' lang='lat' dir='ltr'>deficiente</span> <span class='ocrx_word' id='word_1_17' title='bbox 900 665 1073 744; x_wconf 81' lang='lat' dir='ltr'>coherede,</span> <span class='ocrx_word' id='word_1_18' title='bbox 1094 668 1147 733; x_wconf 88' lang='lat' dir='ltr'>cui</span> <span class='ocrx_word' id='word_1_19' title='bbox 1158 669 1313 735; x_wconf 88' lang='lat' dir='ltr'>substitu-</span> 
     </span>
     <span class='ocr_line' id='line_1_4' title="bbox 153 759 1313 857; baseline 0.011 -32"><span class='ocrx_word' id='word_1_20' title='bbox 153 770 225 825; x_wconf 84' lang='lat' dir='ltr'>tum</span> <span class='ocrx_word' id='word_1_21' title='bbox 244 759 315 840; x_wconf 83' lang='lat' dir='ltr'>fnit,</span> <span class='ocrx_word' id='word_1_22' title='bbox 329 766 381 849; x_wconf 80' lang='lat'>²⁴)</span> <span class='ocrx_word' id='word_1_23' title='bbox 402 764 524 844; x_wconf 89' lang='lat' dir='ltr'>relicta,</span> <span class='ocrx_word' id='word_1_24' title='bbox 547 766 690 844; x_wconf 90' lang='lat' dir='ltr'>scilicet,</span> <span class='ocrx_word' id='word_1_25' title='bbox 714 766 742 832; x_wconf 88' lang='lat' dir='ltr'>si</span> <span class='ocrx_word' id='word_1_26' title='bbox 764 762 810 833; x_wconf 87' lang='lat' dir='ltr'>ita</span> <span class='ocrx_word' id='word_1_27' title='bbox 830 766 990 853; x_wconf 83' lang='lat' dir='ltr'>leganerit</span> <span class='ocrx_word' id='word_1_28' title='bbox 1002 777 1149 847; x_wconf 89' lang='lat' dir='ltr'>testator,</span> <span class='ocrx_word' id='word_1_29' title='bbox 1170 780 1207 835; x_wconf 87' lang='lat' dir='ltr'>ut</span> <span class='ocrx_word' id='word_1_30' title='bbox 1223 772 1313 857; x_wconf 92' lang='lat' dir='ltr'>quis·</span> 
     </span>
     <span class='ocr_line' id='line_1_5' title="bbox 156 862 1313 955; baseline 0.01 -30"><span class='ocrx_word' id='word_1_31' title='bbox 156 862 232 947; x_wconf 89' lang='lat' dir='ltr'>quis</span> <span class='ocrx_word' id='word_1_32' title='bbox 249 862 344 931; x_wconf 88' lang='lat' dir='ltr'>heres</span> <span class='ocrx_word' id='word_1_33' title='bbox 367 867 518 945; x_wconf 80' lang='lat' dir='ltr'>exsistat,</span> <span class='ocrx_word' id='word_1_34' title='bbox 548 867 588 934; x_wconf 86' lang='lat' dir='ltr'>ah</span> <span class='ocrx_word' id='word_1_35' title='bbox 610 890 650 935; x_wconf 92' lang='lat' dir='ltr'>eo</span> <span class='ocrx_word' id='word_1_36' title='bbox 673 867 818 955; x_wconf 87' lang='lat' dir='ltr'>legatum</span> <span class='ocrx_word' id='word_1_37' title='bbox 845 890 918 933; x_wconf 90' lang='lat' dir='ltr'>esse</span> <span class='ocrx_word' id='word_1_38' title='bbox 944 868 1109 947; x_wconf 87' lang='lat' dir='ltr'>uideatur,</span> <span class='ocrx_word' id='word_1_39' title='bbox 1144 881 1177 935; x_wconf 92' lang='lat' dir='ltr'>et</span> <span class='ocrx_word' id='word_1_40' title='bbox 1208 882 1313 939; x_wconf 86' lang='lat' dir='ltr'>recte:</span> 
     </span>
     <span class='ocr_line' id='line_1_6' title="bbox 152 966 1316 1056; baseline 0.009 -29"><span class='ocrx_word' id='word_1_41' title='bbox 152 974 232 1029; x_wconf 87' lang='lat' dir='ltr'>tunc</span> <span class='ocrx_word' id='word_1_42' title='bbox 254 966 341 1032; x_wconf 82' lang='lat' dir='ltr'>enim</span> <span class='ocrx_word' id='word_1_43' title='bbox 363 978 474 1056; x_wconf 87' lang='lat' dir='ltr'>aperta</span> <span class='ocrx_word' id='word_1_44' title='bbox 490 969 551 1034; x_wconf 85' lang='lat' dir='ltr'>fnit</span> <span class='ocrx_word' id='word_1_45' title='bbox 571 968 732 1035; x_wconf 87' lang='lat' dir='ltr'>testatoris</span> <span class='ocrx_word' id='word_1_46' title='bbox 760 967 842 1037; x_wconf 83' lang='lat' dir='ltr'>haec</span> <span class='ocrx_word' id='word_1_47' title='bbox 869 970 1038 1048; x_wconf 86' lang='lat' dir='ltr'>uoluntas,</span> <span class='ocrx_word' id='word_1_48' title='bbox 1067 982 1102 1037; x_wconf 88' lang='lat' dir='ltr'>ut</span> <span class='ocrx_word' id='word_1_49' title='bbox 1133 972 1257 1052; x_wconf 90' lang='lat' dir='ltr'>solida,</span> <span class='ocrx_word' id='word_1_50' title='bbox 1287 973 1316 1038; x_wconf 93' lang='lat' dir='ltr'>si</span> 
     </span>
     <span class='ocr_line' id='line_1_7' title="bbox 151 1064 777 1159; baseline 0.008 -31"><span class='ocrx_word' id='word_1_51' title='bbox 151 1064 227 1129; x_wconf 87' lang='lat' dir='ltr'>fieri</span> <span class='ocrx_word' id='word_1_52' title='bbox 247 1078 375 1151; x_wconf 90' lang='lat' dir='ltr'>posset,</span> <span class='ocrx_word' id='word_1_53' title='bbox 396 1071 504 1157; x_wconf 82' lang='lat' dir='ltr'>legata</span> <span class='ocrx_word' id='word_1_54' title='bbox 525 1079 777 1159; x_wconf 80' lang='lat' dir='ltr'>praestarentur.</span> 
     </span>
    </p>
   </div>
   <div class='ocr_carea' id='block_1_3' title="bbox 151 1168 1314 3603">
    <p class='ocr_par' dir='ltr' id='par_1_3' title="bbox 152 1168 1314 1364">
     <span class='ocr_line' id='line_1_8' title="bbox 258 1168 1314 1260; baseline 0.01 -27"><span class='ocrx_word' id='word_1_55' title='bbox 258 1168 373 1254; x_wconf 85' lang='lat' dir='ltr'>ltaque</span> <span class='ocrx_word' id='word_1_56' title='bbox 400 1172 545 1238; x_wconf 74' lang='lat' dir='ltr'>collectis</span> <span class='ocrx_word' id='word_1_57' title='bbox 573 1172 607 1236; x_wconf 91' lang='lat' dir='ltr'>in</span> <span class='ocrx_word' id='word_1_58' title='bbox 635 1192 736 1237; x_wconf 91' lang='lat' dir='ltr'>unum</span> <span class='ocrx_word' id='word_1_59' title='bbox 755 1170 818 1248; x_wconf 90' lang='lat' dir='ltr'>his,</span> <span class='ocrx_word' id='word_1_60' title='bbox 840 1193 924 1257; x_wconf 88' lang='lat' dir='ltr'>quae</span> <span class='ocrx_word' id='word_1_61' title='bbox 942 1172 1187 1260; x_wconf 87' lang='lat' dir='ltr'>explicanimns,</span> <span class='ocrx_word' id='word_1_62' title='bbox 1208 1177 1314 1244; x_wconf 92' lang='lat' dir='ltr'>omni·</span> 
     </span>
     <span class='ocr_line' id='line_1_9' title="bbox 152 1266 1314 1364; baseline 0.01 -31"><span class='ocrx_word' id='word_1_63' title='bbox 152 1266 235 1346; x_wconf 85' lang='lat' dir='ltr'>hus,</span> <span class='ocrx_word' id='word_1_64' title='bbox 256 1269 321 1335; x_wconf 92' lang='lat' dir='ltr'>hoc</span> <span class='ocrx_word' id='word_1_65' title='bbox 334 1271 412 1337; x_wconf 90' lang='lat' dir='ltr'>iuris</span> <span class='ocrx_word' id='word_1_66' title='bbox 425 1273 526 1339; x_wconf 88' lang='lat' dir='ltr'>fuisse</span> <span class='ocrx_word' id='word_1_67' title='bbox 538 1273 572 1337; x_wconf 91' lang='lat' dir='ltr'>in</span> <span class='ocrx_word' id='word_1_68' title='bbox 584 1270 713 1359; x_wconf 85' lang='lat' dir='ltr'>uulgari</span> <span class='ocrx_word' id='word_1_69' title='bbox 727 1272 956 1340; x_wconf 77' lang='lat' dir='ltr'>substitutione</span> <span class='ocrx_word' id='word_1_70' title='bbox 967 1275 1064 1342; x_wconf 91' lang='lat' dir='ltr'>nobis</span> <span class='ocrx_word' id='word_1_71' title='bbox 1077 1277 1314 1364; x_wconf 81' lang='lat' dir='ltr'>persuasimusr</span> 
     </span>
    </p>

    <p class='ocr_par' dir='ltr' id='par_1_4' title="bbox 196 1372 1311 1867">
     <span class='ocr_line' id='line_1_10' title="bbox 196 1372 1311 1450; baseline 0.008 -13"><span class='ocrx_word' id='word_1_72' title='bbox 196 1372 247 1450; x_wconf 81' lang='lat'>1⁸,</span> <span class='ocrx_word' id='word_1_73' title='bbox 266 1372 311 1440; x_wconf 85' lang='lat' dir='ltr'>si</span> <span class='ocrx_word' id='word_1_74' title='bbox 333 1386 427 1441; x_wconf 88' lang='lat' dir='ltr'>ante</span> <span class='ocrx_word' id='word_1_75' title='bbox 448 1386 620 1441; x_wconf 87' lang='lat' dir='ltr'>mortem</span> <span class='ocrx_word' id='word_1_76' title='bbox 642 1374 867 1441; x_wconf 87' lang='lat' dir='ltr'>testatoris</span> <span class='ocrx_word' id='word_1_77' title='bbox 891 1376 1073 1443; x_wconf 88' lang='lat' dir='ltr'>conditio</span> <span class='ocrx_word' id='word_1_78' title='bbox 1103 1378 1311 1446; x_wconf 89' lang='lat' dir='ltr'>substitu-</span> 
     </span>
     <span class='ocr_line' id='line_1_11' title="bbox 237 1472 1310 1565; baseline 0.01 -28"><span class='ocrx_word' id='word_1_79' title='bbox 237 1472 376 1541; x_wconf 89' lang='lat' dir='ltr'>tionis</span> <span class='ocrx_word' id='word_1_80' title='bbox 397 1476 579 1564; x_wconf 91' lang='lat' dir='ltr'>impleta</span> <span class='ocrx_word' id='word_1_81' title='bbox 599 1474 670 1555; x_wconf 89' lang='lat' dir='ltr'>sit,</span> <span class='ocrx_word' id='word_1_82' title='bbox 693 1474 959 1542; x_wconf 88' lang='lat' dir='ltr'>contributis</span> <span class='ocrx_word' id='word_1_83' title='bbox 980 1489 1017 1543; x_wconf 92' lang='lat' dir='ltr'>et</span> <span class='ocrx_word' id='word_1_84' title='bbox 1037 1480 1310 1565; x_wconf 86' lang='lat' dir='ltr'>portionibus</span> 
     </span>
     <span class='ocr_line' id='line_1_12' title="bbox 236 1576 1311 1665; baseline 0.007 -22"><span class='ocrx_word' id='word_1_85' title='bbox 236 1587 276 1643; x_wconf 87' lang='lat' dir='ltr'>et</span> <span class='ocrx_word' id='word_1_86' title='bbox 295 1577 460 1665; x_wconf 85' lang='lat' dir='ltr'>legatis</span> <span class='ocrx_word' id='word_1_87' title='bbox 489 1577 612 1645; x_wconf 88' lang='lat' dir='ltr'>heres</span> <span class='ocrx_word' id='word_1_88' title='bbox 640 1576 741 1644; x_wconf 86' lang='lat' dir='ltr'>inde</span> <span class='ocrx_word' id='word_1_89' title='bbox 762 1576 1003 1645; x_wconf 83' lang='lat' dir='ltr'>Falcidiam</span> <span class='ocrx_word' id='word_1_90' title='bbox 1023 1582 1150 1648; x_wconf 90' lang='lat' dir='ltr'>semel</span> <span class='ocrx_word' id='word_1_91' title='bbox 1172 1581 1311 1651; x_wconf 85' lang='lat' dir='ltr'>detra-</span> 
     </span>
     <span class='ocr_line' id='line_1_13' title="bbox 235 1678 1309 1766; baseline 0.007 -21"><span class='ocrx_word' id='word_1_92' title='bbox 235 1678 326 1757; x_wconf 86' lang='lat' dir='ltr'>het,</span> <span class='ocrx_word' id='word_1_93' title='bbox 348 1701 425 1746; x_wconf 91' lang='lat' dir='ltr'>nec</span> <span class='ocrx_word' id='word_1_94' title='bbox 443 1679 729 1766; x_wconf 81' lang='lat' dir='ltr'>respicietur,</span> <span class='ocrx_word' id='word_1_95' title='bbox 752 1690 846 1748; x_wconf 89' lang='lat' dir='ltr'>utra</span> <span class='ocrx_word' id='word_1_96' title='bbox 870 1680 1013 1766; x_wconf 89' lang='lat' dir='ltr'>portio</span> <span class='ocrx_word' id='word_1_97' title='bbox 1041 1682 1172 1750; x_wconf 82' lang='lat' dir='ltr'>luerit</span> <span class='ocrx_word' id='word_1_98' title='bbox 1200 1705 1309 1753; x_wconf 86' lang='lat' dir='ltr'>oue·</span> 
     </span>
     <span class='ocr_line' id='line_1_14' title="bbox 236 1783 417 1867; baseline 0.011 -20"><span class='ocrx_word' id='word_1_99' title='bbox 236 1783 417 1867; x_wconf 83' lang='lat' dir='ltr'>rata.²⁵)</span> 
     </span>
    </p>

    <p class='ocr_par' dir='ltr' id='par_1_5' title="bbox 192 1883 1312 2074">
     <span class='ocr_line' id='line_1_15' title="bbox 192 1883 1312 1973; baseline 0.004 -21"><span class='ocrx_word' id='word_1_100' title='bbox 192 1886 246 1961; x_wconf 81' lang='lat'>2⁰,</span> <span class='ocrx_word' id='word_1_101' title='bbox 267 1885 313 1953; x_wconf 90' lang='lat' dir='ltr'>Si</span> <span class='ocrx_word' id='word_1_102' title='bbox 342 1896 438 1973; x_wconf 90' lang='lat' dir='ltr'>post</span> <span class='ocrx_word' id='word_1_103' title='bbox 464 1894 638 1953; x_wconf 89' lang='lat' dir='ltr'>mortem</span> <span class='ocrx_word' id='word_1_104' title='bbox 666 1883 861 1952; x_wconf 89' lang='lat' dir='ltr'>conditio</span> <span class='ocrx_word' id='word_1_105' title='bbox 887 1886 1131 1965; x_wconf 84' lang='lat' dir='ltr'>exstiterit,</span> <span class='ocrx_word' id='word_1_106' title='bbox 1151 1886 1312 1956; x_wconf 90' lang='lat' dir='ltr'>distin-</span> 
     </span>
     <span class='ocr_line' id='line_1_16' title="bbox 238 1988 547 2074; baseline -0.006 -21"><span class='ocrx_word' id='word_1_107' title='bbox 238 1988 444 2074; x_wconf 86' lang='lat' dir='ltr'>guendum</span> <span class='ocrx_word' id='word_1_108' title='bbox 466 1997 547 2053; x_wconf 89' lang='lat' dir='ltr'>est:</span> 
     </span>
    </p>

    <p class='ocr_par' dir='ltr' id='par_1_6' title="bbox 193 2090 1313 2279">
     <span class='ocr_line' id='line_1_17' title="bbox 193 2090 1313 2177; baseline 0.004 -22"><span class='ocrx_word' id='word_1_109' title='bbox 193 2094 241 2171; x_wconf 87' lang='lat' dir='ltr'>a.)</span> <span class='ocrx_word' id='word_1_110' title='bbox 259 2090 441 2177; x_wconf 87' lang='lat' dir='ltr'>Legata,</span> <span class='ocrx_word' id='word_1_111' title='bbox 461 2112 566 2177; x_wconf 90' lang='lat' dir='ltr'>quae</span> <span class='ocrx_word' id='word_1_112' title='bbox 586 2090 853 2177; x_wconf 81' lang='lat' dir='ltr'>generaliter</span> <span class='ocrx_word' id='word_1_113' title='bbox 875 2090 1025 2158; x_wconf 88' lang='lat' dir='ltr'>relicta</span> <span class='ocrx_word' id='word_1_114' title='bbox 1045 2090 1239 2172; x_wconf 83' lang='lat' dir='ltr'>luerunt,</span> <span class='ocrx_word' id='word_1_115' title='bbox 1261 2116 1313 2160; x_wconf 87' lang='lat' dir='ltr'>ex</span> 
     </span>
     <span class='ocr_line' id='line_1_18' title="bbox 237 2192 1137 2279; baseline 0.006 -26"><span class='ocrx_word' id='word_1_116' title='bbox 237 2199 412 2275; x_wconf 89' lang='lat' dir='ltr'>utraque</span> <span class='ocrx_word' id='word_1_117' title='bbox 434 2192 636 2279; x_wconf 90' lang='lat' dir='ltr'>portione</span> <span class='ocrx_word' id='word_1_118' title='bbox 657 2193 822 2279; x_wconf 86' lang='lat' dir='ltr'>pariter</span> <span class='ocrx_word' id='word_1_119' title='bbox 845 2201 1137 2279; x_wconf 85' lang='lat' dir='ltr'>praestantur.</span> 
     </span>
    </p>

    <p class='ocr_par' dir='ltr' id='par_1_7' title="bbox 193 2290 1313 2585">
     <span class='ocr_line' id='line_1_19' title="bbox 193 2290 1312 2381; baseline 0.009 -26"><span class='ocrx_word' id='word_1_120' title='bbox 193 2290 478 2375; x_wconf 88' lang='lat' dir='ltr'>b.)Portione</span> <span class='ocrx_word' id='word_1_121' title='bbox 532 2303 713 2381; x_wconf 84' lang='lat' dir='ltr'>grauata</span> <span class='ocrx_word' id='word_1_122' title='bbox 749 2295 963 2380; x_wconf 90' lang='lat' dir='ltr'>acquisita</span> <span class='ocrx_word' id='word_1_123' title='bbox 999 2320 1020 2362; x_wconf 90' lang='lat' dir='ltr'>a</span> <span class='ocrx_word' id='word_1_124' title='bbox 1062 2297 1312 2376; x_wconf 88' lang='lat' dir='ltr'>substituto,</span> 
     </span>
     <span class='ocr_line' id='line_1_20' title="bbox 236 2395 1313 2480; baseline 0.008 -21"><span class='ocrx_word' id='word_1_125' title='bbox 236 2412 349 2460; x_wconf 87' lang='lat' dir='ltr'>suam</span> <span class='ocrx_word' id='word_1_126' title='bbox 370 2395 617 2480; x_wconf 91' lang='lat' dir='ltr'>portionem</span> <span class='ocrx_word' id='word_1_127' title='bbox 639 2395 801 2463; x_wconf 86' lang='lat' dir='ltr'>saluam</span> <span class='ocrx_word' id='word_1_128' title='bbox 822 2395 1009 2474; x_wconf 88' lang='lat' dir='ltr'>habehit,</span> <span class='ocrx_word' id='word_1_129' title='bbox 1039 2419 1058 2463; x_wconf 89' lang='lat' dir='ltr'>e</span> <span class='ocrx_word' id='word_1_130' title='bbox 1086 2398 1313 2468; x_wconf 84' lang='lat' dir='ltr'>coheredis</span> 
     </span>
     <span class='ocr_line' id='line_1_21' title="bbox 235 2496 1220 2585; baseline 0.006 -24"><span class='ocrx_word' id='word_1_131' title='bbox 235 2496 437 2585; x_wconf 86' lang='lat' dir='ltr'>portione</span> <span class='ocrx_word' id='word_1_132' title='bbox 459 2497 556 2564; x_wconf 90' lang='lat' dir='ltr'>eius</span> <span class='ocrx_word' id='word_1_133' title='bbox 574 2499 737 2565; x_wconf 92' lang='lat' dir='ltr'>nomine</span> <span class='ocrx_word' id='word_1_134' title='bbox 757 2496 994 2563; x_wconf 83' lang='lat' dir='ltr'>Falcidiam</span> <span class='ocrx_word' id='word_1_135' title='bbox 1014 2496 1220 2567; x_wconf 84' lang='lat' dir='ltr'>detrahet.</span> 
     </span>
    </p>

    <p class='ocr_par' dir='ltr' id='par_1_8' title="bbox 193 2598 1314 3196">
     <span class='ocr_line' id='line_1_22' title="bbox 193 2598 1311 2687; baseline 0.006 -21"><span class='ocrx_word' id='word_1_136' title='bbox 193 2598 467 2685; x_wconf 86' lang='lat' dir='ltr'>c.]Portione</span> <span class='ocrx_word' id='word_1_137' title='bbox 494 2598 604 2666; x_wconf 88' lang='lat' dir='ltr'>ultra</span> <span class='ocrx_word' id='word_1_138' title='bbox 635 2600 909 2687; x_wconf 87' lang='lat' dir='ltr'>quadrantem</span> <span class='ocrx_word' id='word_1_139' title='bbox 943 2598 1082 2666; x_wconf 88' lang='lat' dir='ltr'>libera</span> <span class='ocrx_word' id='word_1_140' title='bbox 1112 2615 1311 2673; x_wconf 82' lang='lat' dir='ltr'>oneratae</span> 
     </span>
     <span class='ocr_line' id='line_1_23' title="bbox 237 2699 1314 2789; baseline 0.005 -22"><span class='ocrx_word' id='word_1_141' title='bbox 237 2700 514 2779; x_wconf 85' lang='lat' dir='ltr'>obuenisnte,</span> <span class='ocrx_word' id='word_1_142' title='bbox 553 2722 657 2787; x_wconf 91' lang='lat' dir='ltr'>quae</span> <span class='ocrx_word' id='word_1_143' title='bbox 693 2700 968 2789; x_wconf 86' lang='lat' dir='ltr'>generaliter</span> <span class='ocrx_word' id='word_1_144' title='bbox 1007 2699 1106 2768; x_wconf 91' lang='lat' dir='ltr'>inde</span> <span class='ocrx_word' id='word_1_145' title='bbox 1150 2704 1314 2773; x_wconf 89' lang='lat' dir='ltr'>relicta</span> 
     </span>
     <span class='ocr_line' id='line_1_24' title="bbox 238 2800 1311 2889; baseline 0.001 -17"><span class='ocrx_word' id='word_1_146' title='bbox 238 2813 352 2883; x_wconf 87' lang='lat' dir='ltr'>sunt,</span> <span class='ocrx_word' id='word_1_147' title='bbox 375 2801 723 2881; x_wconf 88' lang='lat' dir='ltr'>contribuentur,</span> <span class='ocrx_word' id='word_1_148' title='bbox 744 2824 854 2889; x_wconf 89' lang='lat' dir='ltr'>quae</span> <span class='ocrx_word' id='word_1_149' title='bbox 881 2800 1144 2881; x_wconf 88' lang='lat' dir='ltr'>nominatim,</span> <span class='ocrx_word' id='word_1_150' title='bbox 1173 2806 1311 2873; x_wconf 89' lang='lat' dir='ltr'>solida</span> 
     </span>
     <span class='ocr_line' id='line_1_25' title="bbox 235 2902 1314 2995; baseline -0.002 -21"><span class='ocrx_word' id='word_1_151' title='bbox 235 2904 574 2995; x_wconf 89' lang='lat' dir='ltr'>praestabuntur,</span> <span class='ocrx_word' id='word_1_152' title='bbox 595 2905 655 2971; x_wconf 91' lang='lat' dir='ltr'>ita</span> <span class='ocrx_word' id='word_1_153' title='bbox 672 2904 848 2991; x_wconf 88' lang='lat' dir='ltr'>quidem,</span> <span class='ocrx_word' id='word_1_154' title='bbox 869 2914 912 2969; x_wconf 88' lang='lat' dir='ltr'>ut</span> <span class='ocrx_word' id='word_1_155' title='bbox 931 2902 997 2968; x_wconf 90' lang='lat' dir='ltr'>his</span> <span class='ocrx_word' id='word_1_156' title='bbox 1019 2904 1187 2985; x_wconf 90' lang='lat' dir='ltr'>solutis,</span> <span class='ocrx_word' id='word_1_157' title='bbox 1205 2907 1314 2994; x_wconf 87' lang='lat' dir='ltr'>quod</span> 
     </span>
     <span class='ocr_line' id='line_1_26' title="bbox 235 3004 1309 3095; baseline 0.001 -20"><span class='ocrx_word' id='word_1_158' title='bbox 235 3008 353 3075; x_wconf 88' lang='lat' dir='ltr'>ultra</span> <span class='ocrx_word' id='word_1_159' title='bbox 381 3006 660 3093; x_wconf 87' lang='lat' dir='ltr'>quadrantem</span> <span class='ocrx_word' id='word_1_160' title='bbox 682 3006 811 3071; x_wconf 90' lang='lat' dir='ltr'>totius</span> <span class='ocrx_word' id='word_1_161' title='bbox 840 3004 1098 3071; x_wconf 89' lang='lat' dir='ltr'>hereditatis</span> <span class='ocrx_word' id='word_1_162' title='bbox 1135 3031 1309 3095; x_wconf 88' lang='lat' dir='ltr'>supere-</span> 
     </span>
     <span class='ocr_line' id='line_1_27' title="bbox 234 3105 1194 3196; baseline -0.004 -19"><span class='ocrx_word' id='word_1_163' title='bbox 234 3110 303 3187; x_wconf 90' lang='lat' dir='ltr'>rit,</span> <span class='ocrx_word' id='word_1_164' title='bbox 326 3108 373 3175; x_wconf 93' lang='lat' dir='ltr'>ad</span> <span class='ocrx_word' id='word_1_165' title='bbox 395 3120 538 3177; x_wconf 86' lang='lat' dir='ltr'>cetera</span> <span class='ocrx_word' id='word_1_166' title='bbox 557 3109 705 3196; x_wconf 86' lang='lat' dir='ltr'>legata</span> <span class='ocrx_word' id='word_1_167' title='bbox 727 3106 919 3195; x_wconf 85' lang='lat' dir='ltr'>augenda</span> <span class='ocrx_word' id='word_1_168' title='bbox 937 3105 1194 3175; x_wconf 86' lang='lat' dir='ltr'>adhiheatur.</span> 
     </span>
    </p>

    <p class='ocr_par' dir='ltr' id='par_1_9' title="bbox 151 3207 1312 3603">
     <span class='ocr_line' id='line_1_28' title="bbox 259 3207 1310 3298; baseline -0.001 -20"><span class='ocrx_word' id='word_1_169' title='bbox 259 3211 323 3279; x_wconf 76' lang='lat' dir='ltr'>His</span> <span class='ocrx_word' id='word_1_170' title='bbox 344 3211 490 3277; x_wconf 84' lang='lat' dir='ltr'>succedit</span> <span class='ocrx_word' id='word_1_171' title='bbox 510 3211 604 3277; x_wconf 89' lang='lat' dir='ltr'>tertia</span> <span class='ocrx_word' id='word_1_172' title='bbox 626 3210 792 3295; x_wconf 87' lang='lat' dir='ltr'>quaestio,</span> <span class='ocrx_word' id='word_1_173' title='bbox 814 3207 893 3295; x_wconf 92' lang='lat' dir='ltr'>quid</span> <span class='ocrx_word' id='word_1_174' title='bbox 914 3208 971 3274; x_wconf 86' lang='lat' dir='ltr'>fiat</span> <span class='ocrx_word' id='word_1_175' title='bbox 990 3218 1127 3295; x_wconf 72' lang='lat' dir='ltr'>unaque</span> <span class='ocrx_word' id='word_1_176' title='bbox 1158 3211 1310 3298; x_wconf 90' lang='lat' dir='ltr'>portione</span> 
     </span>
     <span class='ocr_line' id='line_1_29' title="bbox 152 3309 1311 3400; baseline -0.003 -18"><span class='ocrx_word' id='word_1_177' title='bbox 152 3324 306 3391; x_wconf 89' lang='lat' dir='ltr'>onerata,</span> <span class='ocrx_word' id='word_1_178' title='bbox 330 3335 426 3398; x_wconf 91' lang='lat' dir='ltr'>quam</span> <span class='ocrx_word' id='word_1_179' title='bbox 446 3313 559 3400; x_wconf 86' lang='lat' dir='ltr'>legum</span> <span class='ocrx_word' id='word_1_180' title='bbox 578 3310 786 3400; x_wconf 89' lang='lat' dir='ltr'>praescriptis</span> <span class='ocrx_word' id='word_1_181' title='bbox 807 3309 1018 3376; x_wconf 87' lang='lat' dir='ltr'>diiudicatam</span> <span class='ocrx_word' id='word_1_182' title='bbox 1047 3334 1116 3377; x_wconf 91' lang='lat' dir='ltr'>non</span> <span class='ocrx_word' id='word_1_183' title='bbox 1143 3312 1311 3379; x_wconf 89' lang='lat' dir='ltr'>uidemus:</span> 
     </span>
     <span class='ocr_line' id='line_1_30' title="bbox 151 3412 1312 3502; baseline 0 -19"><span class='ocrx_word' id='word_1_184' title='bbox 151 3418 264 3502; x_wconf 85' lang='lat' dir='ltr'>itaque</span> <span class='ocrx_word' id='word_1_185' title='bbox 285 3414 465 3501; x_wconf 85' lang='lat' dir='ltr'>paullisper</span> <span class='ocrx_word' id='word_1_186' title='bbox 485 3438 557 3483; x_wconf 90' lang='lat' dir='ltr'>eam</span> <span class='ocrx_word' id='word_1_187' title='bbox 584 3415 764 3491; x_wconf 90' lang='lat' dir='ltr'>mittamus,</span> <span class='ocrx_word' id='word_1_188' title='bbox 789 3421 877 3479; x_wconf 88' lang='lat' dir='ltr'>certe</span> <span class='ocrx_word' id='word_1_189' title='bbox 908 3412 997 3479; x_wconf 89' lang='lat' dir='ltr'>enim</span> <span class='ocrx_word' id='word_1_190' title='bbox 1023 3413 1087 3479; x_wconf 86' lang='lat' dir='ltr'>alio</span> <span class='ocrx_word' id='word_1_191' title='bbox 1120 3414 1195 3481; x_wconf 90' lang='lat' dir='ltr'>loco</span> <span class='ocrx_word' id='word_1_192' title='bbox 1228 3415 1312 3483; x_wconf 84' lang='lat' dir='ltr'>infra</span> 
     </span>
     <span class='ocr_line' id='line_1_31' title="bbox 154 3515 414 3603; baseline -0.012 -17"><span class='ocrx_word' id='word_1_193' title='bbox 154 3519 217 3586; x_wconf 87' lang='lat' dir='ltr'>erit</span> <span class='ocrx_word' id='word_1_194' title='bbox 238 3515 414 3603; x_wconf 83' lang='lat' dir='ltr'>tangenda.</span> 
     </span>
    </p>
   </div>
   <div class='ocr_carea' id='block_1_4' title="bbox 153 3809 1314 4435">
    <p class='ocr_par' dir='ltr' id='par_1_10' title="bbox 153 3809 1314 4065">
     <span class='ocr_line' id='line_1_32' title="bbox 192 3809 1314 3882; baseline -0.003 -15"><span class='ocrx_word' id='word_1_195' title='bbox 192 3809 240 3882; x_wconf 78' lang='lat'>2⁴)</span> <span class='ocrx_word' id='word_1_196' title='bbox 258 3815 312 3867; x_wconf 84' lang='lat' dir='ltr'>Vel</span> <span class='ocrx_word' id='word_1_197' title='bbox 331 3829 401 3867; x_wconf 90' lang='lat' dir='ltr'>non:</span> <span class='ocrx_word' id='word_1_198' title='bbox 425 3829 488 3865; x_wconf 79' lang='lat' dir='ltr'>nam</span> <span class='ocrx_word' id='word_1_199' title='bbox 499 3813 595 3865; x_wconf 87' lang='lat' dir='ltr'>eadem</span> <span class='ocrx_word' id='word_1_200' title='bbox 611 3814 639 3865; x_wconf 92' lang='lat' dir='ltr'>in</span> <span class='ocrx_word' id='word_1_201' title='bbox 648 3813 707 3864; x_wconf 88' lang='lat' dir='ltr'>inre</span> <span class='ocrx_word' id='word_1_202' title='bbox 757 3817 871 3878; x_wconf 84' lang='lat' dir='ltr'>propter</span> <span class='ocrx_word' id='word_1_203' title='bbox 917 3810 1102 3863; x_wconf 81' lang='lat' dir='ltr'>conditionem</span> <span class='ocrx_word' id='word_1_204' title='bbox 1144 3810 1314 3864; x_wconf 78' lang='lat' dir='ltr'>deficientem</span> 
     </span>
     <span class='ocr_line' id='line_1_33' title="bbox 153 3903 1312 3969; baseline -0.003 -11"><span class='ocrx_word' id='word_1_205' title='bbox 153 3906 330 3959; x_wconf 79' lang='lat' dir='ltr'>accrescendi</span> <span class='ocrx_word' id='word_1_206' title='bbox 358 3922 412 3959; x_wconf 84' lang='lat' dir='ltr'>usn</span> <span class='ocrx_word' id='word_1_207' title='bbox 443 3906 543 3969; x_wconf 85' lang='lat' dir='ltr'>fnisse,</span> <span class='ocrx_word' id='word_1_208' title='bbox 572 3906 621 3957; x_wconf 86' lang='lat' dir='ltr'>uix</span> <span class='ocrx_word' id='word_1_209' title='bbox 657 3911 708 3969; x_wconf 88' lang='lat' dir='ltr'>est,</span> <span class='ocrx_word' id='word_1_210' title='bbox 759 3907 913 3958; x_wconf 79' lang='lat' dir='ltr'>nonadeat</span> <span class='ocrx_word' id='word_1_211' title='bbox 931 3904 1010 3969; x_wconf 77' lang='lat' dir='ltr'>eique</span> <span class='ocrx_word' id='word_1_212' title='bbox 1030 3903 1205 3955; x_wconf 80' lang='lat' dir='ltr'>substitutam</span> <span class='ocrx_word' id='word_1_213' title='bbox 1223 3904 1312 3954; x_wconf 77' lang='lat' dir='ltr'>tuerit</span> 
     </span>
     <span class='ocr_line' id='line_1_34' title="bbox 155 3996 1313 4065; baseline -0.002 -16"><span class='ocrx_word' id='word_1_214' title='bbox 155 4001 232 4065; x_wconf 84' lang='lat' dir='ltr'>qnod</span> <span class='ocrx_word' id='word_1_215' title='bbox 249 3998 280 4051; x_wconf 91' lang='lat' dir='ltr'>in</span> <span class='ocrx_word' id='word_1_216' title='bbox 297 3999 407 4051; x_wconf 82' lang='lat' dir='ltr'>dubium</span> <span class='ocrx_word' id='word_1_217' title='bbox 425 4012 565 4051; x_wconf 83' lang='lat' dir='ltr'>nocemus.</span> <span class='ocrx_word' id='word_1_218' title='bbox 758 3998 812 4049; x_wconf 82' lang='lat' dir='ltr'>Hic</span> <span class='ocrx_word' id='word_1_219' title='bbox 844 3996 917 4049; x_wconf 86' lang='lat' dir='ltr'>enim</span> <span class='ocrx_word' id='word_1_220' title='bbox 944 3997 1036 4049; x_wconf 77' lang='lat' dir='ltr'>omnis</span> <span class='ocrx_word' id='word_1_221' title='bbox 1065 3997 1104 4047; x_wconf 81' lang='lat' dir='ltr'>ita</span> <span class='ocrx_word' id='word_1_222' title='bbox 1132 4010 1194 4045; x_wconf 81' lang='lat' dir='ltr'>sese</span> <span class='ocrx_word' id='word_1_223' title='bbox 1212 3997 1313 4047; x_wconf 81' lang='lat' dir='ltr'>lrsharc</span> 
     </span>
    </p>

    <p class='ocr_par' dir='ltr' id='par_1_11' title="bbox 156 4088 1314 4435">
     <span class='ocr_line' id='line_1_35' title="bbox 193 4088 1312 4161; baseline -0.003 -18"><span class='ocrx_word' id='word_1_224' title='bbox 193 4088 242 4161; x_wconf 74' lang='lat'>²⁵)</span> <span class='ocrx_word' id='word_1_225' title='bbox 260 4092 359 4143; x_wconf 81' lang='lat' dir='ltr'>Errare</span> <span class='ocrx_word' id='word_1_226' title='bbox 395 4093 502 4143; x_wconf 84' lang='lat' dir='ltr'>uidetur</span> <span class='ocrx_word' id='word_1_227' title='bbox 530 4092 710 4155; x_wconf 79' lang='lat' dir='ltr'>Hvscrmrvs,</span> <span class='ocrx_word' id='word_1_228' title='bbox 760 4097 844 4156; x_wconf 88' lang='lat' dir='ltr'>puto,</span> <span class='ocrx_word' id='word_1_229' title='bbox 870 4104 951 4155; x_wconf 87' lang='lat' dir='ltr'>quam</span> <span class='ocrx_word' id='word_1_230' title='bbox 971 4091 995 4139; x_wconf 93' lang='lat' dir='ltr'>si</span> <span class='ocrx_word' id='word_1_231' title='bbox 1012 4096 1078 4155; x_wconf 85' lang='lat' dir='ltr'>post</span> <span class='ocrx_word' id='word_1_232' title='bbox 1095 4095 1212 4139; x_wconf 86' lang='lat' dir='ltr'>mortem</span> <span class='ocrx_word' id='word_1_233' title='bbox 1229 4090 1312 4154; x_wconf 83' lang='lat' dir='ltr'>patris</span> 
     </span>
     <span class='ocr_line' id='line_1_36' title="bbox 156 4180 1314 4251; baseline -0.003 -15"><span class='ocrx_word' id='word_1_234' title='bbox 156 4185 221 4236; x_wconf 86' lang='lat' dir='ltr'>vn.</span> <span class='ocrx_word' id='word_1_235' title='bbox 239 4201 266 4250; x_wconf 87' lang='lat' dir='ltr'>p.</span> <span class='ocrx_word' id='word_1_236' title='bbox 297 4182 372 4249; x_wconf 78' lang='lat' dir='ltr'>rea,</span> <span class='ocrx_word' id='word_1_237' title='bbox 404 4185 450 4251; x_wconf 90' lang='lat' dir='ltr'>qui</span> <span class='ocrx_word' id='word_1_238' title='bbox 479 4199 541 4235; x_wconf 88' lang='lat' dir='ltr'>cnm</span> <span class='ocrx_word' id='word_1_239' title='bbox 564 4185 617 4234; x_wconf 92' lang='lat' dir='ltr'>hoc</span> <span class='ocrx_word' id='word_1_240' title='bbox 645 4199 711 4235; x_wconf 88' lang='lat' dir='ltr'>casu</span> <span class='ocrx_word' id='word_1_241' title='bbox 761 4185 842 4235; x_wconf 86' lang='lat' dir='ltr'>heres</span> <span class='ocrx_word' id='word_1_242' title='bbox 869 4183 916 4234; x_wconf 90' lang='lat' dir='ltr'>ills</span> <span class='ocrx_word' id='word_1_243' title='bbox 941 4188 1004 4233; x_wconf 84' lang='lat' dir='ltr'>ante</span> <span class='ocrx_word' id='word_1_244' title='bbox 1024 4180 1171 4231; x_wconf 84' lang='lat' dir='ltr'>sditionem</span> <span class='ocrx_word' id='word_1_245' title='bbox 1190 4189 1314 4233; x_wconf 88' lang='lat' dir='ltr'>mortuus</span> 
     </span>
     <span class='ocr_line' id='line_1_37' title="bbox 158 4273 1313 4342; baseline -0.002 -15"><span class='ocrx_word' id='word_1_246' title='bbox 158 4278 265 4329; x_wconf 78' lang='lat' dir='ltr'>confert</span> <span class='ocrx_word' id='word_1_247' title='bbox 280 4278 372 4342; x_wconf 82' lang='lat' dir='ltr'>illurn,</span> <span class='ocrx_word' id='word_1_248' title='bbox 393 4278 417 4327; x_wconf 88' lang='lat' dir='ltr'>si</span> <span class='ocrx_word' id='word_1_249' title='bbox 437 4278 488 4329; x_wconf 85' lang='lat' dir='ltr'>snb</span> <span class='ocrx_word' id='word_1_250' title='bbox 500 4276 656 4329; x_wconf 83' lang='lat' dir='ltr'>conditione</span> <span class='ocrx_word' id='word_1_251' title='bbox 668 4277 708 4327; x_wconf 91' lang='lat' dir='ltr'>in·</span> <span class='ocrx_word' id='word_1_252' title='bbox 762 4281 838 4325; x_wconf 86' lang='lat' dir='ltr'>esset</span> <span class='ocrx_word' id='word_1_253' title='bbox 855 4276 902 4325; x_wconf 90' lang='lat' dir='ltr'>nel</span> <span class='ocrx_word' id='word_1_254' title='bbox 922 4290 978 4326; x_wconf 92' lang='lat' dir='ltr'>non</span> <span class='ocrx_word' id='word_1_255' title='bbox 997 4276 1108 4325; x_wconf 83' lang='lat' dir='ltr'>adisset.</span> <span class='ocrx_word' id='word_1_256' title='bbox 1152 4273 1234 4336; x_wconf 86' lang='lat' dir='ltr'>Quod</span> <span class='ocrx_word' id='word_1_257' title='bbox 1252 4276 1313 4339; x_wconf 89' lang='lat' dir='ltr'>pln-</span> 
     </span>
     <span class='ocr_line' id='line_1_38' title="bbox 158 4367 1222 4435; baseline 0.002 -16"><span class='ocrx_word' id='word_1_258' title='bbox 158 4371 267 4422; x_wconf 87' lang='lat' dir='ltr'>stitntns</span> <span class='ocrx_word' id='word_1_259' title='bbox 305 4376 371 4435; x_wconf 84' lang='lat' dir='ltr'>post</span> <span class='ocrx_word' id='word_1_260' title='bbox 411 4375 527 4422; x_wconf 85' lang='lat' dir='ltr'>mortem</span> <span class='ocrx_word' id='word_1_261' title='bbox 566 4368 707 4421; x_wconf 81' lang='lat' dir='ltr'>testatoris</span> <span class='ocrx_word' id='word_1_262' title='bbox 760 4368 834 4420; x_wconf 86' lang='lat' dir='ltr'>ribus</span> <span class='ocrx_word' id='word_1_263' title='bbox 869 4380 1018 4433; x_wconf 81' lang='lat' dir='ltr'>exponere,</span> <span class='ocrx_word' id='word_1_264' title='bbox 1035 4367 1149 4429; x_wconf 73' lang='lat' dir='ltr'>longum</span> <span class='ocrx_word' id='word_1_265' title='bbox 1172 4372 1222 4421; x_wconf 85' lang='lat' dir='ltr'>est.</span> 
     </span>
    </p>
   </div>
   <div class='ocr_carea' id='block_1_5' title="bbox 0 0 1540 5117">
    <p class='ocr_par' dir='ltr' id='par_1_12' title="bbox 0 0 1540 5117">
     <span class='ocr_line' id='line_1_39' title="bbox 0 0 1540 5117; baseline 0 0"><span class='ocrx_word' id='word_1_266' title='bbox 0 0 1540 5117; x_wconf 95' lang='lat' dir='ltr'> </span> 
     </span>
    </p>
   </div>
  </div>
 </body>
</html>
