3067 5117
629 643 660 728 §.
677 643 728 712 33.

389 798 414 856 2.
450 809 475 860 n.
498 799 537 858 15.
561 809 599 862 nn
618 809 641 861 0.
659 809 686 862 u.
708 807 735 860 r.
755 801 902 868 (mum,
925 799 965 866 1.)-

180 983 200 1013 ,‚
211 936 248 1003 Si
277 936 466 1024 priusquam
498 938 702 1005 aedificatum
731 947 835 1016 esset,
864 947 1033 1024 ageretur,
1061 936 1113 1003 ius
1143 937 1254 1001 uioino

179 1060 247 1102 non
271 1061 362 1116 esse,
384 1037 482 1104 aedes
508 1039 602 1105 altius
623 1039 760 1119 tollere,
782 1062 844 1106 nec
863 1062 916 1105 res
937 1039 978 1105 ab
1001 1061 1040 1106 eo
1062 1036 1255 1104 defendere·

177 1149 246 1215 tur,
268 1150 375 1224 partes
397 1139 513 1205 iudicis
534 1165 602 1207 non
623 1141 702 1208 alias
721 1143 844 1207 futuras
863 1140 983 1220 fuisse,
1006 1141 1067 1216 ait,
1090 1161 1198 1226 quam,
1219 1149 1255 1203 ut

178 1262 269 1317 eum,
301 1263 373 1305 oum
402 1264 465 1326 quo
496 1253 664 1328 ageretur,
692 1265 810 1309 eauere
837 1240 981 1319 iuberet,
1009 1264 1077 1307 non
1105 1241 1196 1328 prius
1219 1263 1254 1304 se

178 1341 440 1421 aedificaturum,
474 1367 571 1428 quam
597 1345 681 1410 ultro
710 1345 850 1432 egisset,
877 1344 928 1408 ius
958 1342 1020 1408 sibi
1043 1365 1136 1420 esse,
1160 1341 1254 1407 altius

177 1442 302 1507 tollere.
351 1443 497 1530 Itemque
527 1469 544 1510 e
572 1447 757 1524 contrario,
787 1467 887 1532 quum
912 1443 985 1529 quis
1016 1466 1113 1530 agere
1143 1442 1253 1520 uellet,

177 1542 228 1606 ius
257 1545 318 1608 sibi
351 1567 441 1623 esse,
470 1546 572 1612 inuito
602 1545 789 1614 aduersario
818 1545 913 1613 altius
950 1543 1083 1621 tollere,
1119 1567 1158 1610 eo
1186 1565 1254 1608 non

177 1644 390 1724 defendente,
413 1647 580 1725 similiter,
599 1647 724 1733 inquit,
746 1647 855 1714 officio
878 1645 995 1711 iudicis
1024 1645 1253 1722 continebitur,

180 1758 215 1810 ut
238 1769 354 1813 cauere
377 1749 599 1815 aduersarium
622 1749 757 1825 iuberet,
781 1771 842 1814 nee
864 1769 947 1832 opus
967 1768 1090 1810 nouum
1111 1769 1147 1812 se
1168 1769 1254 1810 nun·
1325 1787 1328 1792 -

177 1847 350 1926 oiaturum,
380 1872 440 1916 neo
469 1850 651 1916 aedificanti
676 1850 743 1916 uim
769 1849 938 1916 iacturum.
985 1849 1101 1932 anue
1128 1846 1254 1912 ratione

178 1947 333 2014 haetenus
362 1949 405 2024 is,
438 1950 493 2034 qui
520 1973 591 2017 rem
617 1974 685 2016 non
712 1949 919 2027 defenderet,
952 1949 1122 2035 punietur,
1150 1958 1186 2011 ut
1213 1946 1256 2011 de

177 2049 247 2114 iure
270 2072 328 2114 suo
349 2049 489 2134 probare
511 2075 646 2119 necesse
667 2052 817 2119 haberet:
841 2051 906 2118 hoo
934 2050 1021 2116 enim
1050 2070 1142 2126 esse,
1169 2049 1253 2134 peti-

177 2150 256 2214 toris
279 2162 386 2236 partes
409 2152 602 2218 sustinere.“

94 2255 172 2317 Hoo
208 2253 425 2338 fragmentum
465 2254 505 2319 ab
546 2255 715 2334 omnibus,
753 2253 810 2341 qui
841 2252 1010 2319 contrariis
1048 2250 1255 2317 subscribunt

96 2352 307 2438 opinionibus
340 2376 443 2439 usque
478 2354 519 2420 ad
554 2355 683 2422 eoelum
714 2354 865 2422 laudibus
900 2354 1019 2420 elatum
1042 2375 1114 2418 esse
1143 2352 1254 2428 uideo,

96 2453 256 2538 quiahoc
277 2465 362 2518 certe
386 2465 612 2540 argumentum
633 2454 834 2542 suppeditari
853 2453 1001 2521 uideatur
1021 2452 1253 2538 insuperabile.

94 2557 141 2618 At
174 2577 252 2618 uero
285 2577 321 2620 re
355 2555 542 2642 diligentius
565 2567 760 2642 perpensata
781 2579 888 2641 neque
910 2554 985 2620 huie
1005 2555 1073 2641 legi
1092 2553 1127 2618 id
1145 2553 1254 2619 inesse

97 2656 283 2742 apparebit,
307 2658 397 2740 quod
418 2657 495 2722 satis
519 2658 692 2723 artificiose
712 2656 847 2723 iniicere
870 2657 900 2722 ei
920 2656 1104 2722 uoluerunt.

202 2757 349 2822 Primum
377 2768 484 2822 autem
509 2758 688 2828 aduersarii
716 2760 819 2823 nostri
844 2745 886 2824 ad
908 2759 1051 2824 cuiusuis
1074 2766 1256 2845 prouocant

96 2858 310 2944 probitatem,
349 2859 404 2944 qui
443 2859 513 2922 sine
545 2869 754 2944 praesumpta
785 2861 941 2947 opinione
977 2861 1018 2924 ad
1038 2859 1125 2924 hune
1145 2858 1256 2923 locum

98 2960 288 3036 accesserit,
309 2971 518 3044 quaerentes,
541 2983 619 3025 num
641 2960 730 3026 aliud
751 2959 792 3026 ab
812 2961 904 3026 initio
928 2962 962 3026 in
986 2985 1025 3026 eo
1049 2961 1156 3024 inesse
1178 2982 1254 3044 per-

98 3059 236 3124 suadere
260 3059 322 3124 sibi
342 3061 502 3145 potuerit,
536 3061 600 3125 nisi
620 3060 706 3139 hoe,
740 3061 829 3147 quod
850 3061 976 3149 praedii
998 3061 1130 3126 libertas
1152 3084 1172 3124 a
1194 3058 1254 3122 do·

96 3162 188 3225 mino
210 3161 250 3225 sit
273 3161 452 3248 probanda.
486 3160 538 3226 Of.
553 3163 685 3230 PAPIVS
707 3187 740 3250 p.
761 3163 842 3242 218,
866 3164 921 3248 qui
942 3165 1111 3228 LOEHRIO
1131 3184 1165 3247 p.
1185 3162 1256 3228 511.

97 3263 145 3326 ita
165 3263 271 3326 uisum
293 3285 366 3326 esse
389 3261 519 3348 gaudet.

203 3363 368 3447 Equidem
401 3362 540 3428 libenter
570 3363 691 3442 fateor,
728 3388 781 3431 me
815 3365 895 3431 nihil
918 3357 982 3466 tale
1005 3365 1166 3442 sensisse,
1199 3363 1258 3428 sed

98 3464 207 3528 statim
247 3463 286 3528 ab
319 3463 411 3528 initio
434 3487 567 3549 prorsus
590 3466 687 3533 aliam
710 3467 771 3534 hae
808 3468 883 3554 lege
903 3467 1045 3554 proponi
1066 3465 1259 3531 sententiam

98 3563 274 3630 iudicasse.
317 3564 425 3646 Quam
449 3575 621 3650 antequam
642 3591 828 3653 apponam,
859 3569 1020 3656 inspicere
1047 3567 1124 3631 libet
1145 3566 1186 3629 L.
1208 3566 1259 3631 45.

99 3665 144 3728 de
167 3663 274 3728 damn.
296 3664 352 3728 inf.
377 3665 674 3751 (XXXV11H‚2.),
697 3691 795 3753 quam
816 3693 889 3735 eum
912 3671 953 3734 L.
973 3671 1020 3736 15.
1043 3667 1096 3732 oit.
1115 3665 1258 3752 plerum-

100 3787 166 3850 que
189 3765 297 3830 solent
318 3769 489 3834 conterre:

182 3867 420 3943 „Aedificatum
449 3869 559 3935 habes.
618 3871 713 3956 Ago,
751 3871 829 3936 Tibi
860 3869 911 3934 ius
945 3892 1013 3934 non
1035 3889 1107 3932 esse
1127 3865 1259 3932 habere.
1302 3906 1305 3910 ι
1386 3890 1394 3910 ⁸

182 3967 260 4033 Non
283 3968 450 4034 defendis:
490 3969 531 4034 ad
563 3992 615 4034 me
638 3970 805 4056 possessio
827 3969 1050 4037 transferenda
1086 3979 1156 4043 est,
1192 3989 1259 4031 non

184 4069 333 4152 quidem,
357 4079 391 4133 ut
412 4069 560 4156 protinus
583 4071 765 4138 destruatur
789 4095 890 4159 opus,
910 4071 1070 4156 (iniquum
1092 4069 1178 4133 enim
1201 4078 1260 4141 est,

183 4169 428 4235 demolitionem
455 4171 603 4256 protinus
623 4173 720 4257 fieri),
754 4174 813 4239 sed
847 4183 882 4237 ut
912 4171 948 4234 id
980 4171 1052 4247 fiat,
1082 4169 1147 4234 nisi
1177 4168 1262 4232 intra

182 4281 304 4334 eertum
323 4279 449 4358 tempus
472 4273 590 4359 egeris,
605 4273 654 4338 ius
667 4274 744 4339 Tibi
758 4297 842 4352 esse,
859 4271 1064 4338 aedificatum
1085 4270 1240 4336 habere.“

97 4371 209 4440 Casus
229 4373 417 4460 propositus
446 4373 497 4442 his
522 4385 580 4442 est.
637 4373 762 4442 Contra
798 4397 890 4453 eum,
927 4373 982 4462 qui
1011 4371 1194 4438 aedificauit
1227 4369 1262 4434 in

1075 4470 1115 4542 lb
