3067 5117
1217 373 1278 443 1⁰7

110 527 247 594 remotis
274 526 393 592 tabulis
424 526 577 593 secundis
605 526 785 613 legitimam
808 524 915 591 fratris
942 524 1153 591 hereditatem
1180 525 1278 589 frater

110 627 282 693 habiturus
300 627 424 692 fuisset.
478 628 660 713 Fingamus
689 627 816 712 itaque,
850 634 991 692 remotas
1023 626 1134 691 luisse.
1187 625 1278 709 Quid

9 755 10 770 ¹
110 730 218 815 ergo?
266 729 381 795 Frater
412 730 446 793 in
469 728 586 814 pupilli
608 728 821 795 hereditatem
843 739 874 795 et
893 749 953 814 per
974 748 1046 791 earn
1065 728 1099 791 in
1121 737 1276 813 paternae

109 830 302 895 hereditatis
322 842 447 916 partem
469 831 620 912 (tortasse
643 830 739 895 etiam
763 830 799 894 in
819 838 936 903 totam,
969 826 1059 892 uelut
1090 828 1118 892 si
1140 827 1276 895 'duobus

110 944 238 997 tantum
256 931 407 997 fratribus
428 930 581 995 institutis
593 929 699 995 fratris
711 952 798 1015 pars,
810 937 984 1015 postquam
1003 927 1100 993 frater
1112 928 1277 1007 abstinuit,

111 1034 156 1099 ad
179 1032 343 1120 pupillum
362 1030 576 1118 peruenerit,)
599 1030 821 1096 successisset.
860 1030 905 1093 Et
925 1028 1007 1095 haee
1030 1030 1059 1094 si
1084 1052 1200 1097 caussa
1218 1030 1279 1097 fuit

8 1131 9 1156 ³
109 1133 354 1221 praecipua
385 1132 562 1197 decisionis
594 1133 785 1198 Paemrnrrr
818 1131 1126 1215 („praesertim
1157 1134 1276 1218 quod“

111 1237 214 1322 eta),
236 1256 294 1301 cnr
313 1254 425 1297 rursus
443 1233 674 1299 Parrurarevrr
694 1254 761 1297 non
782 1240 1020 1315 consequenter
1047 1255 1120 1299 eam
1140 1233 1278 1301 adhibu-

110 1340 179 1404 isse
200 1346 370 1423 putemus,
401 1333 447 1398 ita
468 1343 504 1397 ut
523 1334 584 1400 hac
605 1335 679 1420 lege
701 1335 754 1409 id,
788 1331 878 1418 quod
897 1332 938 1397 L.
958 1334 1009 1399 41.
1031 1335 1084 1399 cit.
1105 1337 1279 1403 Ivemrtve

109 1440 147 1503 in
167 1436 366 1503 exheredato
386 1434 513 1521 pupillo
541 1448 645 1502 ratum
666 1430 840 1509 habuerat,
874 1434 917 1499 ad
938 1434 1118 1503 institutum
1139 1439 1180 1504 sit
1198 1462 1278 1525 pro-

109 1540 290 1625 pagatum?

216 1640 341 1706 Verum
373 1637 454 1702 haec
492 1637 636 1723 genuina
662 1637 791 1703 uidetur
826 1660 899 1705 esse
932 1638 998 1703 loci
1044 1638 1277 1725 interpretatio.

114 1766 211 1827 qnam
238 1763 344 1817 unus,
377 1752 534 1825 quantum
566 1740 653 1816 scio,
686 1749 774 1805 recte
809 1738 955 1805 exhibuit
975 1740 1223 1809 Honnnsnnvs
1244 1768 1277 1831 p.

111 1846 194 1919 372,
216 1841 294 1907 licet
314 1840 445 1907 diuerso
465 1841 661 1927 generaliter
681 1840 851 1905 ratiocinio
868 1840 982 1907 fretus:

218 1943 335 2007 Frater
365 1964 440 2007 cum
471 1945 568 2009 tratre
599 1941 726 2028 pupillo
751 1950 784 2007 et
805 1942 894 2026 quod
919 1941 1188 2009 uerisimillimurn
1219 1957 1278 2026 est,

112 2046 212 2111 etiam
235 2066 312 2109 cum
328 2042 400 2109 aliis
423 2042 624 2128 quibuslibet
642 2042 826 2119 institutus,
855 2042 907 2109 uel
939 2042 991 2107 oui
1009 2043 1198 2113 substitutus
1220 2047 1279 2115 da-

110 2160 160 2212 tus
183 2156 245 2223 est,
268 2147 358 2229 (nam
379 2166 513 2229 prorsus
525 2144 722 2230 generaliter
741 2144 899 2229 proponit
918 2145 1150 2225 Pmnnnvs
1173 2148 1277 2215 filium

110 2248 196 2335 patri
217 2246 373 2313 heredem
394 2246 583 2331 exstitisse),
613 2247 641 2312 si
670 2246 861 2311 abstinuerit
881 2246 922 2311 ab
946 2245 1124 2313 hereditate
1142 2259 1279 2341 paterna

110 2348 323 2415 nihilominus
344 2348 463 2435 poterit
482 2347 588 2412 fratris
608 2346 742 2434 pupilli,
770 2347 824 2411 cui
844 2346 1034 2413 substitutus
1058 2358 1121 2427 est,
1146 2349 1277 2418 heredi·

110 2463 209 2533 tatem
230 2451 332 2515 adire.
369 2450 507 2515 Praetor
526 2449 613 2515 enim
634 2448 670 2513 id
690 2447 834 2534 respicit,
857 2449 945 2532 quod
967 2470 1035 2515 non
1056 2450 1278 2523 intercedente

6 2621 7 2642 ,
110 2550 340 2619 substitutione
369 2551 409 2616 ab
439 2550 590 2617 intestato
620 2550 676 2616 ille
695 2550 802 2617 fratris
825 2548 992 2617 habiturus
1012 2551 1127 2619 luisset
1146 2553 1277 2621 heredi·
1308 2598 1312 2605 ·

111 2664 229 2730 tatem,
265 2663 297 2717 et
329 2652 448 2717 iccirco
480 2651 719 2739 separationem
749 2651 911 2717 honorum
932 2652 1032 2738 patris
1063 2654 1094 2719 ei
1113 2656 1278 2740 permittit,

6 2759 7 2766 ’
110 2755 193 2821 hanc
216 2753 357 2830 scilicet,
378 2763 500 2818 utnon
524 2779 543 2819 a
562 2751 680 2839 pupilli
695 2752 793 2819 bonis
823 2776 863 2818 ea
883 2772 1030 2839 separet,
1058 2755 1118 2823 sed
1145 2757 1279 2827 alteram

6 2907 7 2926 t
112 2880 224 2923 eorum
246 2864 372 2941 partem
391 2853 433 2920 ab
455 2853 574 2932 altera,
602 2854 680 2918 dum
700 2877 760 2940 per
781 2865 1006 2920 testamentum
1028 2867 1197 2944 utramque
1218 2859 1277 2927 ha-

6 2935 7 2988 3
111 2958 248 3023 buisset.
293 2956 405 3039 Quum
432 2978 512 3021 uero
540 2954 686 3021 ualidum
707 2966 837 3022 maneat
857 2966 1103 3037 testamentum,
1135 2983 1277 3029 consen·

113 3069 243 3123 tansum
264 3068 332 3134 est,
354 3057 560 3143 quodetiam
582 3056 692 3143 legata
712 3056 747 3121 in
767 3056 997 3125 substitutione
1019 3058 1095 3127 deta
1117 3062 1278 3131 soluenda

6 3193 7 3196 ¹
115 3170 188 3225 sunt
211 3183 231 3224 a
250 3158 348 3223 fratre
370 3158 560 3235 substituto,
588 3180 695 3243 neque
726 3180 806 3222 uero
828 3158 869 3223 ad
892 3158 1017 3226 irritum
1037 3161 1276 3247 reciduntffl)

113 3262 178 3327 Iam
196 3283 278 3325 uero
301 3283 400 3345 supra
420 3258 659 3325 accuratissime
681 3268 729 3324 est
751 3258 936 3345 expositum
957 3282 1028 3349 cap.
1048 3262 1090 3328 II.
1113 3264 1144 3347 §
1165 3266 1207 3342 4.,
1229 3265 1278 3331 le-

114 3372 185 3449 gata
207 3361 361 3427 secundis
386 3358 503 3425 tabulis
530 3359 667 3446 scripta,
686 3371 799 3447 utpote
822 3383 904 3446 quae
928 3384 987 3428 suo
1006 3362 1139 3431 nomine
1162 3366 1279 3433 debeat

115 3464 320 3540 substitutus,
344 3486 385 3527 ex
406 3461 633 3547 omnipatris,
661 3484 758 3546 quam
776 3461 901 3549 accepit
920 3462 1097 3532 hereditate
1119 3490 1191 3533 esse
1211 3468 1277 3533 sol·

115 3564 230 3629 nenda.
286 3564 331 3626 Et
362 3562 467 3649 ipsam
492 3561 577 3627 hanc
600 3561 765 3647 regulam,
801 3587 885 3649 quae
913 3564 986 3632 uice
1007 3588 1102 3633 uersa
1122 3567 1182 3635 hac
1203 3568 1278 3657 lege

117 3665 247 3753 egregie
269 3664 495 3740 confirmatur,
523 3663 587 3729 hoc
608 3687 686 3730 casu
706 3664 938 3733 admittendam
957 3691 1026 3733 non
1045 3691 1116 3735 esse
1132 3671 1278 3739 Pann-

126 3852 324 3866 ψ

150 3986 218 4056 ¹¹⁸)
262 3990 328 4054 Ipsa
371 3986 526 4038 Parturire
573 3990 671 4041 uerba:
722 3990 952 4055 circumscriptam
986 3998 1013 4043 et
1041 3978 1172 4045 naricum
1206 3998 1277 4047 eddi.

121 4082 283 4148 „itaque“
303 4087 353 4131 etc.
389 4082 531 4131 euidenter
557 4084 670 4133 demon·
722 4083 800 4133 Alias
820 4098 877 4133 non
897 4088 1029 4137 utendum
1061 4093 1120 4138 erat
1145 4089 1278 4152 particula
1367 4154 1371 4161 1

120 4181 207 4238 strant,
230 4174 299 4225 nihil
323 4172 459 4235 singulare
483 4179 511 4221 et
532 4175 672 4238 abnorme,
723 4175 901 4239 „itaqus.“

121 4265 165 4313 sed
183 4268 412 4329 consequentiam
442 4268 579 4331 quendam
609 4268 674 4317 licet
