3067 5117
278 407 340 478 228

276 556 459 624 libertatem
481 576 585 641 aeque
613 575 651 620 ae
673 551 855 620 dominium
883 552 919 618 in
946 551 1078 639 plenam
1104 560 1138 617 et
1163 548 1436 636 circumscriptam

277 679 377 744 posse
405 653 526 720 diuidi:
566 653 709 740 priorem
736 653 833 720 istam
859 653 980 720 habere
1009 652 1192 738 ingenuos,
1225 651 1438 738 posteriorem

277 759 362 824 hanc
382 757 536 834 libertos,
559 775 698 840 quorum
717 752 851 822 libertas
872 754 943 820 iure
963 764 1153 841 patronatus
1175 753 1266 820 uelut
1285 753 1437 818 seruitute

278 856 569 927 circumscribatur.

385 961 462 1044 Qua
482 955 725 1043 comparatione
747 957 948 1022 extrinsecus
972 956 1061 1022 haud
1083 955 1299 1042 aspernabili,
1329 955 1439 1021 nescio

282 1059 361 1148 quid
382 1058 521 1146 eogitari
542 1057 648 1144 possit
674 1058 817 1144 ineptius
837 1057 992 1124 interiore
1017 1057 1067 1122 rei
1088 1057 1200 1122 habitu
1221 1055 1439 1121 considerato.

281 1163 376 1239 Nam,
400 1183 442 1227 ne
464 1162 498 1226 in
520 1183 559 1228 eo
577 1181 754 1236 uersemur,
776 1169 812 1224 ut
831 1170 1033 1244 quantopere
1054 1158 1105 1223 ius
1119 1168 1310 1244 patronatus
1333 1183 1354 1223 a
1373 1158 1441 1222 iure

283 1261 447 1329 seruitutis
469 1261 608 1341 differat,
629 1273 661 1328 et
682 1283 780 1346 quam
802 1259 941 1326 ridicula
952 1260 1086 1326 omnino
1107 1258 1149 1323 sit
1168 1259 1338 1343 utriusque
1355 1281 1442 1322 com-

282 1362 408 1449 paratio
431 1362 708 1438 demonstremus,
741 1359 776 1424 id
803 1360 1027 1426 tantumlibet
1059 1360 1239 1445 attingere,
1270 1359 1380 1444 quod,
1415 1359 1442 1424 si

283 1466 418 1531 Pmuvs
444 1463 557 1552 paullo
580 1461 760 1530 accuratius
783 1461 910 1547 legem,
939 1483 1037 1546 quam
1066 1461 1160 1526 affert
1183 1462 1232 1528 14.
1253 1460 1295 1525 dc
1317 1458 1441 1545 probat.

286 1564 414 1648 (XXII,
422 1565 478 1642 3·),
505 1563 711 1651 inspexissct,
733 1563 774 1628 ab
794 1563 868 1649 ipso
883 1563 1059 1642 erano,
1082 1561 1163 1628 nibil
1181 1561 1343 1627 interesse
1364 1561 1443 1625 inter

286 1687 379 1742 cum,
411 1687 508 1752 quem
529 1665 601 1752 quis
622 1666 657 1730 in
678 1663 867 1730 seruitutem
894 1663 1040 1730 uindicet
1070 1675 1103 1730 et
1135 1687 1221 1740 cum,
1240 1685 1340 1748 quam
1361 1661 1444 1727 dicat

284 1766 436 1834 libertum
458 1789 563 1844 suum,
586 1763 721 1834 edoctus
743 1775 844 1843 essct,
865 1764 916 1829 his
936 1764 1062 1830 uerbis:

367 1867 489 1952 „Quid
517 1865 604 1933 enim
639 1867 790 1946 interest,
823 1890 956 1934 seruum
982 1889 1077 1932 suum
1105 1867 1196 1951 quis,
1230 1888 1272 1930 an
1292 1863 1442 1930 libcrtum

364 1969 578 2046 contendat‚“

287 2071 376 2159 quod
396 2072 439 2138 ad
459 2070 620 2138 actionem
641 2069 845 2156 negatoriam
865 2071 1003 2138 relatum
1023 2071 1068 2138 ita
1089 2071 1257 2138 sehabet:

365 2173 480 2256 „Quid
500 2172 586 2238 cuim
604 2170 749 2250 interest,
770 2182 878 2238 actum
900 2171 973 2257 quis
994 2196 1037 2238 au
1058 2172 1291 2239 usumfructum
1313 2176 1442 2256 neget.“

389 2275 422 2340 N
424 2297 467 2339 on
498 2273 586 2340 enim
613 2271 785 2360 negligere
814 2271 927 2340 debuit
956 2274 1091 2342 Paluvs
1121 2297 1171 2361 pr.
1202 2275 1230 2339 Ι.
1264 2272 1306 2339 dc
1341 2272 1442 2338 libert.

290 2377 424 2462 (1,5.):

367 2489 517 2555 „etcum
536 2500 602 2544 uno
625 2477 790 2544 communi
816 2477 950 2542 nomine
979 2500 1093 2543 omncs
1125 2477 1275 2544 homines
1299 2475 1443 2563 appella·
1531 2462 1532 2469 ἵ

366 2590 496 2659 rentur,
527 2579 597 2645 iure
621 2578 767 2665 gentium
798 2578 880 2644 tria
899 2577 1068 2644 hominum
1091 2603 1250 2666 genera
1276 2601 1353 2644 esse
1370 2601 1443 2643 coc-

365 2691 502 2766 perunt,
524 2677 655 2744 liberi
678 2689 710 2745 et
731 2676 783 2744 his
804 2680 1002 2745 contrarium
1023 2682 1157 2759 serui,
1180 2692 1214 2746 et
1235 2681 1367 2745 tertium
1387 2703 1443 2764 gc-

256 2843 261 2855 ,
367 2803 429 2846 nus
449 2777 664 2858 libertini,
685 2780 741 2864 qui
761 2779 925 2846 desierant
946 2804 1020 2848 esse
1040 2783 1161 2860 serui,“

291 2882 377 2948 unde
411 2881 485 2948 luce
519 2879 637 2944 clarius
671 2891 826 2965 apparet,
864 2881 1105 2949 libertinitatem
1140 2907 1160 2950 a
1190 2882 1352 2949 Romanis
1382 2904 1444 2945 non
1530 2896 1531 2931 ³

288 2983 381 3068 quasi
409 2983 591 3047 libertatem
618 2981 773 3047 seruitute
802 2982 1095 3070 circumscriptam,
1123 2985 1183 3050 scd
1209 2982 1299 3049 uelut
1319 2983 1443 3049 tertium
1530 2984 1531 3011 ³

289 3083 455 3169 quoddam
475 3082 511 3146 in
532 3083 700 3148 hominum
722 3082 911 3150 conditione
932 3107 1037 3169 genus
1060 3084 1206 3150 habitum
1226 3085 1340 3150 luisse.
1381 3086 1443 3148 Ac-

286 3180 389 3257 cedit,
417 3182 506 3267 quod
536 3182 679 3249 libertini
699 3183 782 3248 fiunt
803 3183 844 3249 de
866 3186 970 3250 seruis
991 3207 1059 3250 non
1081 3185 1123 3251 dc
1146 3186 1316 3272 ingenuis,
1339 3188 1443 3272 itaque

286 3281 327 3348 de
343 3282 497 3348 seruitute
518 3283 660 3350 libertati
678 3283 833 3371 imposita
852 3308 895 3352 ne
917 3284 1055 3371 cogitari
1073 3286 1205 3371 quidem
1225 3299 1345 3373 potest.

390 3383 460 3450 Sed
481 3385 548 3450 uim
570 3384 711 3470 aliquam
728 3386 833 3450 PAP11
857 3385 926 3451 istis
947 3387 1137 3453 commentis
1159 3389 1301 3454 tribuere
1314 3389 1440 3454 uidero·
1529 3374 1530 3447 l

285 3505 374 3560 mur,
407 3484 435 3549 si
454 3483 573 3550 diutius
597 3486 631 3550 iu
652 3485 830 3552 refutandis
851 3486 916 3551 illis
937 3491 1141 3554 uersarcmur
1168 3490 1276 3574 itaque
1298 3491 1383 3556 hanc
1403 3490 1440 3552 li·
1529 3454 1530 3499 t

287 3582 418 3650 bertatis
453 3585 661 3673 praediorum
698 3587 932 3674 hominumque
971 3591 1056 3654 inter
1092 3613 1128 3656 sc
1169 3592 1440 3677 comparationem

285 3685 467 3764 mittamus,
488 3700 524 3754 ut
544 3689 643 3755 uilem
664 3701 696 3756 et
716 3688 851 3766 futilem,
876 3712 984 3775 neque
1005 3691 1179 3777 quicquam
1199 3715 1259 3779 pro
1281 3691 1439 3758 seruitutis

284 3808 477 3870 possessore
498 3790 575 3858 iude
596 3790 755 3878 consequi
776 3790 1005 3858 concedamus.

765 4087 966 4097 ἡ...
