3067 5117
292 404 353 471 120

375 552 499 629 „Licet
528 554 709 641 Imperator
736 564 848 620 noster
869 576 942 619 oum
964 562 1055 639 patre
1086 552 1307 639 rescripserit,
1344 552 1441 618 uideri
1527 586 1528 643 3

376 654 543 720 uoluntate
562 654 725 721 testatoris
744 657 914 743 repetitae
931 653 1114 731 substituto,
1137 676 1221 738 quac
1243 653 1283 718 ab
1304 654 1440 718 instituto
1527 704 1528 721 .

374 754 502 821 inerant
522 755 661 821 relicta“
684 766 757 821 etc..

398 856 531 940 Itaque,
565 856 594 919 si
627 856 701 941 quis
730 858 845 923 eadem
876 858 986 944 legata
1008 874 1118 919 rursus
1140 878 1159 919 a
1180 852 1350 919 substituto
1372 856 1442 919 reli·

295 955 411 1041 querit,
432 956 606 1022 dicendum
628 958 698 1033 erit,
720 956 770 1022 bis
792 957 902 1045 legata
923 957 1055 1023 deberi?
1097 954 1252 1019 Minime!
1294 956 1343 1020 lta
1365 956 1443 1021 enirn
1527 954 1528 977 ¹

294 1057 418 1141 antiqui
437 1056 519 1122 haec
539 1057 817 1135 diiudicauerunt,
849 1070 885 1123 ut
916 1059 944 1123 si
967 1058 1039 1143 quis
1062 1055 1251 1120 nominatim
1273 1056 1327 1120 uel
1350 1079 1443 1141 gene·

293 1157 404 1222 raliter
424 1158 533 1244 legata
552 1158 705 1223 secundis
727 1159 846 1224 tabulis
867 1158 1068 1244 repetiisset,
1100 1155 1164 1221 hoc
1193 1178 1261 1219 non
1280 1156 1443 1241 duplican-

294 1259 412 1323 dorum
432 1282 546 1324 eorum
583 1258 697 1343 gratia,
720 1260 780 1324 sed
801 1270 936 1346 propter
957 1259 1089 1323 nimiam
1111 1255 1274 1340 quandam
1294 1280 1444 1343 praecau-

294 1359 417 1424 tionem
437 1359 554 1426 fecisse
576 1370 762 1427 testatorem
785 1361 1024 1426 arbitrarentur.

398 1461 564 1547 Repetitio
597 1462 696 1549 igitur
726 1463 907 1528 eorundem
941 1462 1124 1548 legatorum
1161 1448 1313 1527 secundis
1335 1461 1444 1526 tabulis

293 1562 379 1626 iacta
398 1584 465 1626 non
484 1562 588 1641 ualet,
612 1563 670 1628 sed
692 1563 789 1629 tacita
809 1563 884 1640 illa,
906 1563 947 1628 de
970 1584 1034 1646 qua
1051 1563 1210 1639 diximus,
1232 1562 1380 1627 sulficere
1399 1563 1444 1625 ui·

295 1662 398 1727 detur.
439 1662 481 1727 L.
505 1666 571 1731 113.
592 1666 624 1747 §.
645 1667 675 1731 3.
700 1666 742 1730 de
760 1665 849 1752 legg.
872 1666 916 1729 l.:

377 1763 469 1841 „Sed
501 1764 530 1828 si
565 1775 657 1852 pater
690 1766 851 1853 impuberi
873 1766 941 1832 filio
966 1766 1164 1831 substituerit
1186 1776 1217 1831 ct
1239 1790 1258 1831 a
1280 1766 1444 1831 substituto

374 1866 483 1953 legata
503 1868 689 1953 repetierit,
725 1868 753 1931 si
774 1868 917 1955 pupillus
939 1870 1035 1934 heres
1057 1868 1212 1933 exstiterit
1232 1878 1265 1933 et
1284 1868 1370 1933 intra
1389 1890 1444 1952 pu·

373 1968 529 2033 bertatem
552 1970 746 2045 decesserit,
781 1969 929 2054 repetitio
953 1992 1020 2033 non
1042 1968 1148 2046 ualet,
1187 1969 1263 2052 quia
1300 1968 1444 2033 uoluntas

374 2068 517 2134 defuncti
538 2070 619 2135 hacc
643 2079 713 2145 est,
734 2080 770 2133 nt
792 2069 892 2135 semel
915 2070 1127 2135 debeantur.“

294 2170 390 2235 Adde
412 2170 453 2234 L.
474 2170 524 2238 81.
546 2171 577 2254 3.
600 2172 631 2237 7.
653 2170 738 2236 med.
760 2170 855 2235 eod:
881 2242 884 2247 Ι

375 2270 471 2347 „Hoc
493 2272 596 2350 enim,
633 2272 723 2357 quod
749 2294 861 2337 rursus
893 2268 1104 2337 asubstituto
1137 2268 1283 2355 legatur,
1317 2270 1445 2356 perinde

373 2370 559 2437 habendum
581 2382 646 2451 cst,
671 2396 709 2439 nc
730 2374 759 2438 si
780 2373 917 2458 repetita
936 2372 1046 2457 legata
1067 2378 1209 2435 essent.“

397 2473 526 2538 Eadem
548 2486 654 2539 autem
674 2474 784 2561 legata
805 2498 824 2538 a
845 2473 1016 2537 substituto
1039 2472 1084 2535 ita
1104 2483 1242 2557 possunt
1262 2472 1385 2558 repeti,
1414 2481 1446 2535 ut
1527 2470 1528 2553 3

293 2574 347 2639 uel
370 2574 514 2639 conditio
547 2576 587 2641 iis
619 2574 788 2641 adiicietur
817 2574 870 2639 uel
897 2572 1041 2638 conditio
1063 2574 1177 2658 primis
1202 2574 1322 2639 tabulis
1344 2574 1445 2639 addita
1527 2556 1528 2633 l

293 2676 482 2739 remittatur.
512 2678 588 2759 Qua
608 2678 641 2741 in
662 2700 697 2742 re
718 2676 806 2742 facili
827 2674 983 2741 utendum
1006 2685 1054 2739 est
1074 2674 1189 2761 regula
1210 2676 1444 2753 „meliorem
1500 2668 1502 2673 ’

294 2799 485 2841 caussam
518 2778 708 2863 spectari
739 2779 781 2842 in
814 2775 1044 2842 soluendis
1086 2776 1298 2862 legatis,“
1341 2776 1443 2859 itaque

294 2877 439 2943 conditio
461 2879 614 2943 secundis
634 2878 752 2943 tabulis
773 2878 899 2943 adiecta
927 2900 994 2942 non
1030 2877 1134 2955 ualet,
1168 2877 1227 2941 sub
1263 2862 1443 2943 conditioirc

295 2990 402 3044 autem
422 2979 535 3065 primis
557 2979 675 3063 tabulis
699 2980 829 3055 relicta,
862 3002 943 3065 pure
976 2980 1130 3065 repetita,
1164 3002 1246 3065 pure
1280 2977 1442 3044 debentur.

293 3082 369 3145 Huc
389 3080 466 3146 lacit
484 3081 525 3145 L.
546 3080 597 3146 81.
618 3081 650 3162 3.
671 3083 702 3147 7.
723 3080 779 3143 fin.
803 3080 894 3145 eod:

374 3182 509 3264 „Quare
531 3182 611 3247 etsi
633 3204 714 3267 pure
736 3207 755 3247 a
774 3182 860 3259 filio,
883 3181 942 3245 sub
963 3182 1150 3250 conditione
1171 3208 1190 3248 a
1208 3182 1380 3249 substituto
1400 3180 1443 3244 le·

373 3294 484 3367 gutum
503 3283 617 3373 fuerit,
640 3282 777 3368 perinde
796 3283 905 3348 omnia
925 3284 1150 3361 seruabuntur,
1174 3308 1212 3350 ae
1234 3283 1263 3348 si
1284 3292 1405 3348 tantum
1426 3304 1442 3344 a

374 3384 443 3449 filio
465 3384 608 3471 legatum
625 3383 758 3462 luisset,
783 3396 896 3449 contra
916 3394 1039 3461 nutem,
1070 3386 1098 3449 si
1120 3409 1139 3449 a
1158 3385 1227 3449 filio
1252 3384 1311 3449 sub
1335 3382 1442 3448 condi-

373 3484 480 3562 tione,
510 3510 529 3550 a
550 3484 721 3549 substituto
742 3508 823 3570 pure
842 3486 986 3573 legatum
1005 3485 1119 3563 fuerit,
1145 3497 1176 3551 et
1199 3485 1342 3571 pupillus
1366 3506 1442 3569 pen-

374 3586 470 3651 dente
491 3585 679 3651 conditione
698 3585 895 3664 decesserit,
933 3609 975 3651 cx
1008 3584 1235 3651 substitutione
1264 3585 1336 3651 sola
1356 3585 1443 3670 lega·

373 3698 442 3751 tum
462 3686 621 3752 ualebit.“

295 3787 663 3871 OEhfflbbh

397 3891 492 3973 Quae
514 3912 571 3953 eur
591 3888 636 3953 ita
670 3888 868 3967 habeantur,
905 3912 1020 3955 caussa
1054 3888 1208 3953 facillime
1243 3888 1440 3975 perspicitur.

295 3990 456 4059 Secundis
477 3991 564 4056 enim
583 3990 718 4067 tabulis,
740 3992 769 4055 si
795 3990 938 4055 conditio
961 3990 1086 4055 adiecta
1101 3989 1217 4065 fuerit,
1239 4010 1320 4073 pure
1341 3988 1442 4073 legata

295 4092 475 4170 debentur,
508 4091 739 4178 quiapropter
761 4091 907 4167 tacit-am,
939 4114 1021 4175 quae
1044 4089 1295 4175 subintelligitur
1326 4088 1439 4173 repeti·
1527 4142 1528 4169 ,

294 4196 435 4271 tionem,
465 4194 572 4259 minus
605 4192 778 4257 commoda
810 4192 958 4277 repetitio
997 4213 1064 4255 non
1086 4190 1195 4255 ualere
1236 4200 1385 4277 putatur,
1416 4186 1440 4251 si

294 4296 423 4382 primis,
444 4331 484 4343 ·-
505 4294 658 4361 secundis
680 4292 804 4377 aliquid
823 4302 991 4377 praeterea
1012 4291 1155 4377 legatum
1177 4312 1249 4357 esse
1266 4291 1404 4357 uidetur.
