<?xml version="1.0" encoding="UTF-8"?>
<!DOCTYPE html PUBLIC "-//W3C//DTD XHTML 1.0 Transitional//EN"
    "http://www.w3.org/TR/xhtml1/DTD/xhtml1-transitional.dtd">
<html xmlns="http://www.w3.org/1999/xhtml" xml:lang="en" lang="en">
 <head>
  <title>
</title>
<meta http-equiv="Content-Type" content="text/html;charset=utf-8" />
  <meta name='ocr-system' content='tesseract 3.04.00' />
  <meta name='ocr-capabilities' content='ocr_page ocr_carea ocr_par ocr_line ocrx_word'/>
</head>
<body>
  <div class='ocr_page' id='page_1' title='image "./commentationesi00perngoog_0217.png"; bbox 0 0 3067 5117; ppageno 0'>
   <div class='ocr_carea' id='block_1_1' title="bbox 0 671 20 5076">
    <p class='ocr_par' dir='ltr' id='par_1_1' title="bbox 0 671 20 5076">
     <span class='ocr_line' id='line_1_1' title="bbox 0 671 20 5076; baseline 0 0"><span class='ocrx_word' id='word_1_1' title='bbox 0 671 20 5076; x_wconf 95' lang='lat' dir='ltr'><strong> </strong></span> 
     </span>
    </p>
   </div>
   <div class='ocr_carea' id='block_1_2' title="bbox 1213 435 1273 506">
    <p class='ocr_par' dir='ltr' id='par_1_2' title="bbox 1213 435 1273 506">
     <span class='ocr_line' id='line_1_2' title="bbox 1213 435 1273 506; baseline -0.033 0"><span class='ocrx_word' id='word_1_2' title='bbox 1213 435 1273 506; x_wconf 73' lang='grc'><strong>199</strong></span> 
     </span>
    </p>
   </div>
   <div class='ocr_carea' id='block_1_3' title="bbox 117 585 1273 875">
    <p class='ocr_par' dir='ltr' id='par_1_3' title="bbox 117 585 1273 875">
     <span class='ocr_line' id='line_1_3' title="bbox 222 585 1272 674; baseline -0.002 -22"><span class='ocrx_word' id='word_1_3' title='bbox 222 585 423 673; x_wconf 86' lang='lat' dir='ltr'><strong>Fingebatur</strong></span> <span class='ocrx_word' id='word_1_4' title='bbox 446 587 555 672; x_wconf 84' lang='lat' dir='ltr'><strong>itaque</strong></span> <span class='ocrx_word' id='word_1_5' title='bbox 577 587 727 654; x_wconf 84' lang='lat' dir='ltr'><strong>euenisse</strong></span> <span class='ocrx_word' id='word_1_6' title='bbox 750 589 890 674; x_wconf 88' lang='lat' dir='ltr'><strong>aliquid,</strong></span> <span class='ocrx_word' id='word_1_7' title='bbox 912 589 1000 674; x_wconf 92' lang='lat' dir='ltr'><strong>quod</strong></span> <span class='ocrx_word' id='word_1_8' title='bbox 1021 611 1089 654; x_wconf 92' lang='lat' dir='ltr'><strong>non</strong></span> <span class='ocrx_word' id='word_1_9' title='bbox 1108 597 1272 663; x_wconf 85' lang='lat' dir='ltr'><strong>euenerat,</strong></span> 
     </span>
     <span class='ocr_line' id='line_1_4' title="bbox 117 689 1272 775; baseline -0.001 -22"><span class='ocrx_word' id='word_1_10' title='bbox 117 689 166 754; x_wconf 86' lang='lat' dir='ltr'><strong>rei</strong></span> <span class='ocrx_word' id='word_1_11' title='bbox 194 689 317 754; x_wconf 90' lang='lat' dir='ltr'><strong>scilicet</strong></span> <span class='ocrx_word' id='word_1_12' title='bbox 342 689 509 773; x_wconf 78' lang='lat' dir='ltr'><strong>usucapio.</strong></span> <span class='ocrx_word' id='word_1_13' title='bbox 535 691 625 757; x_wconf 78' lang='lat' dir='ltr'><strong>.Iam</strong></span> <span class='ocrx_word' id='word_1_14' title='bbox 651 713 749 767; x_wconf 88' lang='lat' dir='ltr'><strong>nero,</strong></span> <span class='ocrx_word' id='word_1_15' title='bbox 784 712 883 775; x_wconf 92' lang='lat' dir='ltr'><strong>quum</strong></span> <span class='ocrx_word' id='word_1_16' title='bbox 911 690 995 755; x_wconf 91' lang='lat' dir='ltr'><strong>hanc</strong></span> <span class='ocrx_word' id='word_1_17' title='bbox 1025 689 1186 755; x_wconf 82' lang='lat' dir='ltr'><strong>actionem</strong></span> <span class='ocrx_word' id='word_1_18' title='bbox 1211 711 1272 774; x_wconf 91' lang='lat' dir='ltr'><strong>pro</strong></span> 
     </span>
     <span class='ocr_line' id='line_1_5' title="bbox 119 789 1273 875; baseline 0.003 -23"><span class='ocrx_word' id='word_1_19' title='bbox 119 789 264 854; x_wconf 90' lang='lat' dir='ltr'><strong>dominio</strong></span> <span class='ocrx_word' id='word_1_20' title='bbox 297 789 462 854; x_wconf 85' lang='lat' dir='ltr'><strong>inductam</strong></span> <span class='ocrx_word' id='word_1_21' title='bbox 496 813 567 856; x_wconf 91' lang='lat' dir='ltr'><strong>esse</strong></span> <span class='ocrx_word' id='word_1_22' title='bbox 602 803 744 870; x_wconf 89' lang='lat' dir='ltr'><strong>constet,</strong></span> <span class='ocrx_word' id='word_1_23' title='bbox 778 802 810 856; x_wconf 91' lang='lat' dir='ltr'><strong>et</strong></span> <span class='ocrx_word' id='word_1_24' title='bbox 831 815 893 856; x_wconf 90' lang='lat' dir='ltr'><strong>nos</strong></span> <span class='ocrx_word' id='word_1_25' title='bbox 923 789 1156 856; x_wconf 79' lang='lat' dir='ltr'><strong>confessoriam</strong></span> <span class='ocrx_word' id='word_1_26' title='bbox 1178 801 1273 875; x_wconf 87' lang='lat' dir='ltr'><strong>atque</strong></span> 
     </span>
    </p>
   </div>
   <div class='ocr_carea' id='block_1_4' title="bbox 118 890 1375 977">
    <p class='ocr_par' dir='ltr' id='par_1_4' title="bbox 118 890 1375 977">
     <span class='ocr_line' id='line_1_6' title="bbox 118 890 1375 977; baseline 0 -21"><span class='ocrx_word' id='word_1_27' title='bbox 118 890 320 976; x_wconf 85' lang='lat' dir='ltr'><strong>negatoriam</strong></span> <span class='ocrx_word' id='word_1_28' title='bbox 341 890 501 956; x_wconf 81' lang='lat' dir='ltr'><strong>actionem</strong></span> <span class='ocrx_word' id='word_1_29' title='bbox 521 892 698 958; x_wconf 84' lang='lat' dir='ltr'><strong>identidem</strong></span> <span class='ocrx_word' id='word_1_30' title='bbox 716 915 756 958; x_wconf 84' lang='lat' dir='ltr'><strong>ex</strong></span> <span class='ocrx_word' id='word_1_31' title='bbox 777 891 922 958; x_wconf 91' lang='lat' dir='ltr'><strong>dominio</strong></span> <span class='ocrx_word' id='word_1_32' title='bbox 940 890 1162 977; x_wconf 84' lang='lat' dir='ltr'><strong>principaliter</strong></span> <span class='ocrx_word' id='word_1_33' title='bbox 1183 913 1274 957; x_wconf 86' lang='lat' dir='ltr'><strong>eom·</strong></span> <span class='ocrx_word' id='word_1_34' title='bbox 1371 890 1375 904; x_wconf 90' lang='lat'>&#39;</span> 
     </span>
    </p>
   </div>
   <div class='ocr_carea' id='block_1_5' title="bbox 113 992 1289 3703">
    <p class='ocr_par' dir='ltr' id='par_1_5' title="bbox 113 992 1289 2796">
     <span class='ocr_line' id='line_1_7' title="bbox 118 992 1272 1080; baseline -0.001 -22"><span class='ocrx_word' id='word_1_35' title='bbox 118 1007 228 1078; x_wconf 90' lang='lat' dir='ltr'><strong>petere</strong></span> <span class='ocrx_word' id='word_1_36' title='bbox 250 1015 349 1078; x_wconf 87' lang='lat' dir='ltr'><strong>supra</strong></span> <span class='ocrx_word' id='word_1_37' title='bbox 368 993 399 1076; x_wconf 67' lang='lat' dir='ltr'><strong>S.</strong></span> <span class='ocrx_word' id='word_1_38' title='bbox 413 995 444 1059; x_wconf 79' lang='lat'><strong>4.</strong></span> <span class='ocrx_word' id='word_1_39' title='bbox 466 994 680 1071; x_wconf 76' lang='lat' dir='ltr'><strong>statuerimus,</strong></span> <span class='ocrx_word' id='word_1_40' title='bbox 704 992 808 1059; x_wconf 88' lang='lat' dir='ltr'><strong>facilis</strong></span> <span class='ocrx_word' id='word_1_41' title='bbox 832 995 881 1059; x_wconf 86' lang='lat' dir='ltr'><strong>e&#39;st</strong></span> <span class='ocrx_word' id='word_1_42' title='bbox 903 993 1082 1070; x_wconf 85' lang='lat' dir='ltr'><strong>conclusio,</strong></span> <span class='ocrx_word' id='word_1_43' title='bbox 1103 993 1192 1080; x_wconf 88' lang='lat' dir='ltr'><strong>quod</strong></span> <span class='ocrx_word' id='word_1_44' title='bbox 1212 1015 1272 1080; x_wconf 90' lang='lat' dir='ltr'><strong>pro</strong></span> 
     </span>
     <span class='ocr_line' id='line_1_8' title="bbox 118 1092 1275 1180; baseline 0.002 -24"><span class='ocrx_word' id='word_1_45' title='bbox 118 1103 186 1158; x_wconf 86' lang='lat' dir='ltr'><strong>toto</strong></span> <span class='ocrx_word' id='word_1_46' title='bbox 210 1092 354 1158; x_wconf 90' lang='lat' dir='ltr'><strong>dominio</strong></span> <span class='ocrx_word' id='word_1_47' title='bbox 376 1093 542 1159; x_wconf 84' lang='lat' dir='ltr'><strong>inductum</strong></span> <span class='ocrx_word' id='word_1_48' title='bbox 562 1093 676 1170; x_wconf 88' lang='lat' dir='ltr'><strong>fuerit,</strong></span> <span class='ocrx_word' id='word_1_49' title='bbox 705 1092 851 1158; x_wconf 90' lang='lat' dir='ltr'><strong>similiter</strong></span> <span class='ocrx_word' id='word_1_50' title='bbox 878 1093 921 1159; x_wconf 89' lang='lat' dir='ltr'><strong>ad</strong></span> <span class='ocrx_word' id='word_1_51' title='bbox 939 1105 1047 1180; x_wconf 88' lang='lat' dir='ltr'><strong>partes</strong></span> <span class='ocrx_word' id='word_1_52' title='bbox 1069 1095 1138 1160; x_wconf 89' lang='lat' dir='ltr'><strong>eius</strong></span> <span class='ocrx_word' id='word_1_53' title='bbox 1162 1094 1275 1159; x_wconf 72' lang='lat' dir='ltr'><strong>referri</strong></span> 
     </span>
     <span class='ocr_line' id='line_1_9' title="bbox 120 1192 1273 1271; baseline 0.002 -15"><span class='ocrx_word' id='word_1_54' title='bbox 120 1192 282 1258; x_wconf 89' lang='lat' dir='ltr'><strong>debuisse.</strong></span> <span class='ocrx_word' id='word_1_55' title='bbox 322 1192 510 1258; x_wconf 86' lang='lat' dir='ltr'><strong>Admodum</strong></span> <span class='ocrx_word' id='word_1_56' title='bbox 531 1195 618 1260; x_wconf 89' lang='lat' dir='ltr'><strong>enim</strong></span> <span class='ocrx_word' id='word_1_57' title='bbox 639 1195 753 1260; x_wconf 84' lang='lat' dir='ltr'><strong>luisset</strong></span> <span class='ocrx_word' id='word_1_58' title='bbox 773 1193 940 1271; x_wconf 88' lang='lat' dir='ltr'><strong>mirabile,</strong></span> <span class='ocrx_word' id='word_1_59' title='bbox 970 1206 1038 1259; x_wconf 89' lang='lat' dir='ltr'><strong>tum</strong></span> <span class='ocrx_word' id='word_1_60' title='bbox 1059 1195 1189 1260; x_wconf 90' lang='lat' dir='ltr'><strong>demum</strong></span> <span class='ocrx_word' id='word_1_61' title='bbox 1211 1192 1273 1259; x_wconf 93' lang='lat' dir='ltr'><strong>bo-</strong></span> 
     </span>
     <span class='ocr_line' id='line_1_10' title="bbox 119 1293 1274 1382; baseline 0.001 -24"><span class='ocrx_word' id='word_1_62' title='bbox 119 1316 181 1360; x_wconf 88' lang='lat' dir='ltr'><strong>nae</strong></span> <span class='ocrx_word' id='word_1_63' title='bbox 201 1293 279 1359; x_wconf 88' lang='lat' dir='ltr'><strong>fidei</strong></span> <span class='ocrx_word' id='word_1_64' title='bbox 299 1294 484 1379; x_wconf 87' lang='lat' dir='ltr'><strong>poss&#39;essori</strong></span> <span class='ocrx_word' id='word_1_65' title='bbox 505 1296 665 1361; x_wconf 87' lang='lat' dir='ltr'><strong>actionem</strong></span> <span class='ocrx_word' id='word_1_66' title='bbox 687 1295 801 1381; x_wconf 87' lang='lat' dir='ltr'><strong>prodi,</strong></span> <span class='ocrx_word' id='word_1_67' title='bbox 824 1294 853 1358; x_wconf 91' lang='lat' dir='ltr'><strong>si</strong></span> <span class='ocrx_word' id='word_1_68' title='bbox 874 1296 1008 1361; x_wconf 89' lang='lat' dir='ltr'><strong>omnino</strong></span> <span class='ocrx_word' id='word_1_69' title='bbox 1029 1319 1065 1362; x_wconf 93' lang='lat' dir='ltr'><strong>re</strong></span> <span class='ocrx_word' id='word_1_70' title='bbox 1084 1319 1144 1362; x_wconf 88' lang='lat' dir='ltr'><strong>sua</strong></span> <span class='ocrx_word' id='word_1_71' title='bbox 1163 1296 1274 1382; x_wconf 86' lang='lat' dir='ltr'><strong>priua-</strong></span> 
     </span>
     <span class='ocr_line' id='line_1_11' title="bbox 120 1395 1275 1482; baseline 0 -22"><span class='ocrx_word' id='word_1_72' title='bbox 120 1404 218 1472; x_wconf 87' lang='lat' dir='ltr'><strong>rctur‚</strong></span> <span class='ocrx_word' id='word_1_73' title='bbox 238 1416 344 1479; x_wconf 89' lang='lat' dir='ltr'><strong>neque</strong></span> <span class='ocrx_word' id='word_1_74' title='bbox 365 1404 432 1458; x_wconf 92' lang='lat' dir='ltr'><strong>tum</strong></span> <span class='ocrx_word' id='word_1_75' title='bbox 454 1395 560 1474; x_wconf 86' lang='lat' dir='ltr'><strong>etiarn,</strong></span> <span class='ocrx_word' id='word_1_76' title='bbox 580 1396 607 1461; x_wconf 88' lang='lat' dir='ltr'><strong>si</strong></span> <span class='ocrx_word' id='word_1_77' title='bbox 627 1407 778 1482; x_wconf 80' lang='lat' dir='ltr'><strong>exparte</strong></span> <span class='ocrx_word' id='word_1_78' title='bbox 800 1397 990 1462; x_wconf 87' lang='lat' dir='ltr'><strong>turbaretur.</strong></span> <span class='ocrx_word' id='word_1_79' title='bbox 1023 1398 1067 1462; x_wconf 90' lang='lat' dir='ltr'><strong>At</strong></span> <span class='ocrx_word' id='word_1_80' title='bbox 1086 1419 1166 1462; x_wconf 88' lang='lat' dir='ltr'><strong>nero</strong></span> <span class='ocrx_word' id='word_1_81' title='bbox 1187 1396 1275 1460; x_wconf 90' lang='lat' dir='ltr'><strong>bunc</strong></span> 
     </span>
     <span class='ocr_line' id='line_1_12' title="bbox 120 1495 1274 1584; baseline 0.002 -25"><span class='ocrx_word' id='word_1_82' title='bbox 120 1496 154 1560; x_wconf 92' lang='lat' dir='ltr'><strong>in</strong></span> <span class='ocrx_word' id='word_1_83' title='bbox 178 1517 273 1560; x_wconf 90' lang='lat' dir='ltr'><strong>usum</strong></span> <span class='ocrx_word' id='word_1_84' title='bbox 294 1495 425 1582; x_wconf 83' lang='lat' dir='ltr'><strong>egregie</strong></span> <span class='ocrx_word' id='word_1_85' title='bbox 452 1497 589 1581; x_wconf 87' lang='lat' dir='ltr'><strong>quadrat</strong></span> <span class='ocrx_word' id='word_1_86' title='bbox 616 1498 720 1584; x_wconf 89' lang='lat' dir='ltr'><strong>ipsius</strong></span> <span class='ocrx_word' id='word_1_87' title='bbox 755 1496 969 1566; x_wconf 83' lang='lat' dir='ltr'><strong>Publicianae</strong></span> <span class='ocrx_word' id='word_1_88' title='bbox 1001 1496 1108 1574; x_wconf 81' lang='lat' dir='ltr'><strong>fiet-io,</strong></span> <span class='ocrx_word' id='word_1_89' title='bbox 1145 1508 1177 1563; x_wconf 92' lang='lat' dir='ltr'><strong>et</strong></span> <span class='ocrx_word' id='word_1_90' title='bbox 1195 1519 1274 1562; x_wconf 89' lang='lat' dir='ltr'><strong>uere</strong></span> 
     </span>
     <span class='ocr_line' id='line_1_13' title="bbox 120 1597 1289 1682; baseline 0.003 -20"><span class='ocrx_word' id='word_1_91' title='bbox 120 1598 301 1663; x_wconf 88' lang='lat' dir='ltr'><strong>mirandum</strong></span> <span class='ocrx_word' id='word_1_92' title='bbox 315 1608 373 1674; x_wconf 89' lang='lat' dir='ltr'><strong>est,</strong></span> <span class='ocrx_word' id='word_1_93' title='bbox 395 1597 484 1682; x_wconf 91' lang='lat' dir='ltr'><strong>quod</strong></span> <span class='ocrx_word' id='word_1_94' title='bbox 505 1599 772 1666; x_wconf 78' lang='lat' dir='ltr'><strong>antercflTsM</strong></span> <span class='ocrx_word' id='word_1_95' title='bbox 781 1621 879 1664; x_wconf 90' lang='lat' dir='ltr'><strong>nemo</strong></span> <span class='ocrx_word' id='word_1_96' title='bbox 901 1598 986 1665; x_wconf 86' lang='lat' dir='ltr'><strong>banc</strong></span> <span class='ocrx_word' id='word_1_97' title='bbox 1006 1621 1076 1664; x_wconf 92' lang='lat' dir='ltr'><strong>rem</strong></span> <span class='ocrx_word' id='word_1_98' title='bbox 1094 1599 1197 1664; x_wconf 81' lang='lat' dir='ltr'><strong>fusius</strong></span> <span class='ocrx_word' id='word_1_99' title='bbox 1211 1610 1289 1666; x_wconf 85' lang='lat' dir='ltr'><strong>tra-.</strong></span> 
     </span>
     <span class='ocr_line' id='line_1_14' title="bbox 121 1698 1276 1787; baseline -0.001 -21"><span class='ocrx_word' id='word_1_100' title='bbox 121 1698 327 1784; x_wconf 57' lang='lat' dir='ltr'><strong>eraserim).</strong></span> <span class='ocrx_word' id='word_1_101' title='bbox 349 1698 513 1783; x_wconf 83' lang='lat' dir='ltr'><strong>Equidem</strong></span> <span class='ocrx_word' id='word_1_102' title='bbox 534 1721 602 1764; x_wconf 90' lang='lat' dir='ltr'><strong>non</strong></span> <span class='ocrx_word' id='word_1_103' title='bbox 623 1701 730 1766; x_wconf 89' lang='lat' dir='ltr'><strong>solum</strong></span> <span class='ocrx_word' id='word_1_104' title='bbox 753 1701 840 1787; x_wconf 86' lang='lat' dir='ltr'><strong>apud</strong></span> <span class='ocrx_word' id='word_1_105' title='bbox 861 1723 922 1766; x_wconf 90' lang='lat' dir='ltr'><strong>nos</strong></span> <span class='ocrx_word' id='word_1_106' title='bbox 936 1702 1008 1766; x_wconf 90' lang='lat' dir='ltr'><strong>sine</strong></span> <span class='ocrx_word' id='word_1_107' title='bbox 1026 1701 1126 1766; x_wconf 89' lang='lat' dir='ltr'><strong>dubio</strong></span> <span class='ocrx_word' id='word_1_108' title='bbox 1139 1711 1276 1787; x_wconf 84' lang='lat' dir='ltr'><strong>negato-</strong></span> 
     </span>
     <span class='ocr_line' id='line_1_15' title="bbox 120 1799 1278 1888; baseline -0.001 -22"><span class='ocrx_word' id='word_1_109' title='bbox 120 1801 201 1866; x_wconf 83' lang='lat' dir='ltr'><strong>riam</strong></span> <span class='ocrx_word' id='word_1_110' title='bbox 233 1799 458 1867; x_wconf 87' lang='lat' dir='ltr'><strong>Publicianam</strong></span> <span class='ocrx_word' id='word_1_111' title='bbox 483 1799 713 1866; x_wconf 88' lang='lat' dir='ltr'><strong>admittendam</strong></span> <span class='ocrx_word' id='word_1_112' title='bbox 746 1823 818 1868; x_wconf 85' lang='lat' dir='ltr'><strong>csse</strong></span> <span class='ocrx_word' id='word_1_113' title='bbox 847 1823 1038 1888; x_wconf 90' lang='lat' dir='ltr'><strong>persuasum</strong></span> <span class='ocrx_word' id='word_1_114' title='bbox 1059 1801 1183 1878; x_wconf 89' lang='lat' dir='ltr'><strong>habeo,</strong></span> <span class='ocrx_word' id='word_1_115' title='bbox 1219 1801 1278 1866; x_wconf 88' lang='lat' dir='ltr'><strong>sed</strong></span> 
     </span>
     <span class='ocr_line' id='line_1_16' title="bbox 120 1900 1280 1990; baseline -0.001 -23"><span class='ocrx_word' id='word_1_116' title='bbox 120 1902 289 1967; x_wconf 90' lang='lat' dir='ltr'><strong>Romanos</strong></span> <span class='ocrx_word' id='word_1_117' title='bbox 311 1900 376 1966; x_wconf 85' lang='lat' dir='ltr'><strong>iam</strong></span> <span class='ocrx_word' id='word_1_118' title='bbox 402 1922 441 1965; x_wconf 88' lang='lat' dir='ltr'><strong>ea</strong></span> <span class='ocrx_word' id='word_1_119' title='bbox 461 1921 539 1966; x_wconf 84' lang='lat' dir='ltr'><strong>usos</strong></span> <span class='ocrx_word' id='word_1_120' title='bbox 562 1923 634 1969; x_wconf 85' lang='lat' dir='ltr'><strong>esse</strong></span> <span class='ocrx_word' id='word_1_121' title='bbox 661 1903 751 1969; x_wconf 90' lang='lat' dir='ltr'><strong>uelut</strong></span> <span class='ocrx_word' id='word_1_122' title='bbox 779 1912 902 1968; x_wconf 90' lang='lat' dir='ltr'><strong>certum</strong></span> <span class='ocrx_word' id='word_1_123' title='bbox 935 1905 1078 1988; x_wconf 88' lang='lat' dir='ltr'><strong>proponi</strong></span> <span class='ocrx_word' id='word_1_124' title='bbox 1107 1925 1206 1990; x_wconf 90' lang='lat' dir='ltr'><strong>posse</strong></span> <span class='ocrx_word' id='word_1_125' title='bbox 1247 1914 1280 1966; x_wconf 85' lang='lat' dir='ltr'><strong>et</strong></span> 
     </span>
     <span class='ocr_line' id='line_1_17' title="bbox 121 2002 1278 2090; baseline 0.002 -24"><span class='ocrx_word' id='word_1_126' title='bbox 121 2025 198 2068; x_wconf 85' lang='lat' dir='ltr'><strong>casu</strong></span> <span class='ocrx_word' id='word_1_127' title='bbox 221 2013 344 2068; x_wconf 84' lang='lat' dir='ltr'><strong>tanturn</strong></span> <span class='ocrx_word' id='word_1_128' title='bbox 363 2002 483 2068; x_wconf 82' lang='lat' dir='ltr'><strong>lactum</strong></span> <span class='ocrx_word' id='word_1_129' title='bbox 505 2023 577 2068; x_wconf 88' lang='lat' dir='ltr'><strong>esse</strong></span> <span class='ocrx_word' id='word_1_130' title='bbox 599 2027 730 2082; x_wconf 89' lang='lat' dir='ltr'><strong>censeo,</strong></span> <span class='ocrx_word' id='word_1_131' title='bbox 758 2005 836 2070; x_wconf 91' lang='lat' dir='ltr'><strong>lieet</strong></span> <span class='ocrx_word' id='word_1_132' title='bbox 854 2004 932 2068; x_wconf 83' lang='lat' dir='ltr'><strong>satis</strong></span> <span class='ocrx_word' id='word_1_133' title='bbox 951 2005 1161 2083; x_wconf 88' lang='lat' dir='ltr'><strong>admirando,</strong></span> <span class='ocrx_word' id='word_1_134' title='bbox 1189 2004 1278 2090; x_wconf 91' lang='lat' dir='ltr'><strong>qnod</strong></span> 
     </span>
     <span class='ocr_line' id='line_1_18' title="bbox 121 2102 1280 2191; baseline 0 -23"><span class='ocrx_word' id='word_1_135' title='bbox 121 2104 155 2168; x_wconf 91' lang='lat' dir='ltr'><strong>in</strong></span> <span class='ocrx_word' id='word_1_136' title='bbox 182 2102 325 2170; x_wconf 84' lang='lat' dir='ltr'><strong>lontibus</strong></span> <span class='ocrx_word' id='word_1_137' title='bbox 353 2103 472 2168; x_wconf 86' lang='lat' dir='ltr'><strong>nostris</strong></span> <span class='ocrx_word' id='word_1_138' title='bbox 501 2103 591 2170; x_wconf 84' lang='lat' dir='ltr'><strong>nulla</strong></span> <span class='ocrx_word' id='word_1_139' title='bbox 621 2105 690 2171; x_wconf 84' lang='lat' dir='ltr'><strong>eius</strong></span> <span class='ocrx_word' id='word_1_140' title='bbox 720 2105 860 2190; x_wconf 85' lang='lat' dir='ltr'><strong>uestigia</strong></span> <span class='ocrx_word' id='word_1_141' title='bbox 888 2104 1109 2171; x_wconf 75' lang='lat' dir='ltr'><strong>inueniuntur:</strong></span> <span class='ocrx_word' id='word_1_142' title='bbox 1143 2104 1280 2191; x_wconf 86' lang='lat' dir='ltr'><strong>cogitari</strong></span> 
     </span>
     <span class='ocr_line' id='line_1_19' title="bbox 123 2205 1280 2293; baseline -0.002 -23"><span class='ocrx_word' id='word_1_143' title='bbox 123 2207 209 2270; x_wconf 87' lang='lat' dir='ltr'><strong>eninr</strong></span> <span class='ocrx_word' id='word_1_144' title='bbox 220 2228 287 2270; x_wconf 91' lang='lat' dir='ltr'><strong>non</strong></span> <span class='ocrx_word' id='word_1_145' title='bbox 301 2214 418 2290; x_wconf 88' lang='lat' dir='ltr'><strong>potest,</strong></span> <span class='ocrx_word' id='word_1_146' title='bbox 441 2205 609 2271; x_wconf 89' lang='lat' dir='ltr'><strong>Romanos</strong></span> <span class='ocrx_word' id='word_1_147' title='bbox 627 2207 660 2270; x_wconf 94' lang='lat' dir='ltr'><strong>in</strong></span> <span class='ocrx_word' id='word_1_148' title='bbox 684 2207 846 2284; x_wconf 90' lang='lat' dir='ltr'><strong>omnibus,</strong></span> <span class='ocrx_word' id='word_1_149' title='bbox 867 2229 950 2291; x_wconf 89' lang='lat' dir='ltr'><strong>quae</strong></span> <span class='ocrx_word' id='word_1_150' title='bbox 974 2207 1015 2272; x_wconf 88' lang='lat' dir='ltr'><strong>ad</strong></span> <span class='ocrx_word' id='word_1_151' title='bbox 1036 2208 1087 2272; x_wconf 91' lang='lat' dir='ltr'><strong>ius</strong></span> <span class='ocrx_word' id='word_1_152' title='bbox 1106 2206 1280 2293; x_wconf 84' lang='lat' dir='ltr'><strong>pertinent,</strong></span> 
     </span>
     <span class='ocr_line' id='line_1_20' title="bbox 113 2305 1279 2394; baseline 0.001 -25"><span class='ocrx_word' id='word_1_153' title='bbox 113 2305 333 2371; x_wconf 78' lang='lat' dir='ltr'><strong>enucleandis</strong></span> <span class='ocrx_word' id='word_1_154' title='bbox 362 2316 451 2370; x_wconf 90' lang='lat' dir='ltr'><strong>tanta</strong></span> <span class='ocrx_word' id='word_1_155' title='bbox 479 2307 653 2392; x_wconf 85' lang='lat' dir='ltr'><strong>sagacitate</strong></span> <span class='ocrx_word' id='word_1_156' title='bbox 686 2318 833 2373; x_wconf 85' lang='lat' dir='ltr'><strong>uersatos</strong></span> <span class='ocrx_word' id='word_1_157' title='bbox 865 2308 900 2372; x_wconf 94' lang='lat' dir='ltr'><strong>in</strong></span> <span class='ocrx_word' id='word_1_158' title='bbox 930 2308 1102 2394; x_wconf 90' lang='lat' dir='ltr'><strong>probando</strong></span> <span class='ocrx_word' id='word_1_159' title='bbox 1134 2308 1279 2372; x_wconf 92' lang='lat' dir='ltr'><strong>dominio</strong></span> 
     </span>
     <span class='ocr_line' id='line_1_21' title="bbox 123 2406 1280 2495; baseline 0 -23"><span class='ocrx_word' id='word_1_160' title='bbox 123 2406 268 2472; x_wconf 88' lang='lat' dir='ltr'><strong>remedia</strong></span> <span class='ocrx_word' id='word_1_161' title='bbox 297 2427 395 2492; x_wconf 89' lang='lat' dir='ltr'><strong>supra</strong></span> <span class='ocrx_word' id='word_1_162' title='bbox 417 2406 580 2492; x_wconf 87' lang='lat' dir='ltr'><strong>descripta</strong></span> <span class='ocrx_word' id='word_1_163' title='bbox 615 2409 721 2494; x_wconf 85' lang='lat' dir='ltr'><strong>(uelut</strong></span> <span class='ocrx_word' id='word_1_164' title='bbox 749 2410 1048 2494; x_wconf 80' lang='lat' dir='ltr'><strong>praesumptionem</strong></span> <span class='ocrx_word' id='word_1_165' title='bbox 1073 2433 1114 2474; x_wconf 89' lang='lat' dir='ltr'><strong>ex</strong></span> <span class='ocrx_word' id='word_1_166' title='bbox 1145 2432 1280 2495; x_wconf 88' lang='lat' dir='ltr'><strong>posses·</strong></span> 
     </span>
     <span class='ocr_line' id='line_1_22' title="bbox 123 2508 1281 2596; baseline 0.002 -23"><span class='ocrx_word' id='word_1_167' title='bbox 123 2510 232 2593; x_wconf 87' lang='lat' dir='ltr'><strong>sione)</strong></span> <span class='ocrx_word' id='word_1_168' title='bbox 254 2509 421 2594; x_wconf 82' lang='lat' dir='ltr'><strong>negatoris</strong></span> <span class='ocrx_word' id='word_1_169' title='bbox 443 2508 553 2594; x_wconf 85' lang='lat' dir='ltr'><strong>agenti</strong></span> <span class='ocrx_word' id='word_1_170' title='bbox 576 2509 717 2587; x_wconf 86' lang='lat' dir='ltr'><strong>dedisse,</strong></span> <span class='ocrx_word' id='word_1_171' title='bbox 741 2533 879 2595; x_wconf 90' lang='lat' dir='ltr'><strong>quorum</strong></span> <span class='ocrx_word' id='word_1_172' title='bbox 900 2508 1051 2575; x_wconf 88' lang='lat' dir='ltr'><strong>debilitas</strong></span> <span class='ocrx_word' id='word_1_173' title='bbox 1073 2511 1106 2575; x_wconf 94' lang='lat' dir='ltr'><strong>in</strong></span> <span class='ocrx_word' id='word_1_174' title='bbox 1128 2521 1281 2596; x_wconf 90' lang='lat' dir='ltr'><strong>promptu</strong></span> 
     </span>
     <span class='ocr_line' id='line_1_23' title="bbox 125 2608 1281 2698; baseline -0.001 -23"><span class='ocrx_word' id='word_1_175' title='bbox 125 2621 191 2687; x_wconf 88' lang='lat' dir='ltr'><strong>cst,</strong></span> <span class='ocrx_word' id='word_1_176' title='bbox 228 2608 305 2673; x_wconf 89' lang='lat' dir='ltr'><strong>dum</strong></span> <span class='ocrx_word' id='word_1_177' title='bbox 338 2608 373 2674; x_wconf 91' lang='lat' dir='ltr'><strong>in</strong></span> <span class='ocrx_word' id='word_1_178' title='bbox 406 2609 519 2676; x_wconf 88' lang='lat' dir='ltr'><strong>oculos</strong></span> <span class='ocrx_word' id='word_1_179' title='bbox 545 2610 703 2676; x_wconf 89' lang='lat' dir='ltr'><strong>incideret</strong></span> <span class='ocrx_word' id='word_1_180' title='bbox 735 2611 949 2677; x_wconf 89' lang='lat' dir='ltr'><strong>Publicianae</strong></span> <span class='ocrx_word' id='word_1_181' title='bbox 972 2611 1020 2675; x_wconf 89' lang='lat' dir='ltr'><strong>rei</strong></span> <span class='ocrx_word' id='word_1_182' title='bbox 1051 2610 1281 2698; x_wconf 79' lang='lat' dir='ltr'><strong>uindicationis</strong></span> 
     </span>
     <span class='ocr_line' id='line_1_24' title="bbox 125 2709 288 2796; baseline -0.006 -20"><span class='ocrx_word' id='word_1_183' title='bbox 125 2709 288 2796; x_wconf 85' lang='lat' dir='ltr'><strong>analogia.</strong></span> 
     </span>
    </p>

    <p class='ocr_par' dir='ltr' id='par_1_6' title="bbox 125 2811 1286 3486">
     <span class='ocr_line' id='line_1_25' title="bbox 232 2811 1282 2900; baseline 0.005 -25"><span class='ocrx_word' id='word_1_184' title='bbox 232 2811 352 2894; x_wconf 85' lang='lat' dir='ltr'><strong>Quoad</strong></span> <span class='ocrx_word' id='word_1_185' title='bbox 382 2823 488 2879; x_wconf 87' lang='lat' dir='ltr'><strong>autem</strong></span> <span class='ocrx_word' id='word_1_186' title='bbox 515 2813 687 2880; x_wconf 87' lang='lat' dir='ltr'><strong>formulam</strong></span> <span class='ocrx_word' id='word_1_187' title='bbox 716 2813 905 2900; x_wconf 86' lang='lat' dir='ltr'><strong>negatoriae</strong></span> <span class='ocrx_word' id='word_1_188' title='bbox 932 2813 1028 2878; x_wconf 90' lang='lat' dir='ltr'><strong>buius</strong></span> <span class='ocrx_word' id='word_1_189' title='bbox 1058 2813 1282 2893; x_wconf 87' lang='lat' dir='ltr'><strong>Publicianae,</strong></span> 
     </span>
     <span class='ocr_line' id='line_1_26' title="bbox 126 2912 1283 3001; baseline 0 -21"><span class='ocrx_word' id='word_1_190' title='bbox 126 2912 246 2980; x_wconf 87' lang='lat' dir='ltr'><strong>errauit</strong></span> <span class='ocrx_word' id='word_1_191' title='bbox 265 2913 472 2983; x_wconf 71' lang='lat' dir='ltr'><strong>zscnmns</strong></span> <span class='ocrx_word' id='word_1_192' title='bbox 501 2939 533 3001; x_wconf 91' lang='lat' dir='ltr'><strong>p.</strong></span> <span class='ocrx_word' id='word_1_193' title='bbox 555 2916 643 2992; x_wconf 66' lang='lat'><strong>287,</strong></span> <span class='ocrx_word' id='word_1_194' title='bbox 670 2915 725 3000; x_wconf 91' lang='lat' dir='ltr'><strong>qui</strong></span> <span class='ocrx_word' id='word_1_195' title='bbox 749 2915 820 2980; x_wconf 89' lang='lat' dir='ltr'><strong>sine</strong></span> <span class='ocrx_word' id='word_1_196' title='bbox 841 2915 969 3001; x_wconf 83' lang='lat' dir='ltr'><strong>logices</strong></span> <span class='ocrx_word' id='word_1_197' title='bbox 997 2915 1181 2982; x_wconf 83' lang='lat' dir='ltr'><strong>offensione</strong></span> <span class='ocrx_word' id='word_1_198' title='bbox 1202 2939 1283 2982; x_wconf 86' lang='lat' dir='ltr'><strong>eon·</strong></span> 
     </span>
     <span class='ocr_line' id='line_1_27' title="bbox 126 3015 1284 3102; baseline 0.003 -23"><span class='ocrx_word' id='word_1_199' title='bbox 126 3016 206 3081; x_wconf 87' lang='lat' dir='ltr'><strong>strui</strong></span> <span class='ocrx_word' id='word_1_200' title='bbox 228 3036 299 3080; x_wconf 88' lang='lat' dir='ltr'><strong>eam</strong></span> <span class='ocrx_word' id='word_1_201' title='bbox 323 3037 422 3100; x_wconf 86' lang='lat' dir='ltr'><strong>posse</strong></span> <span class='ocrx_word' id='word_1_202' title='bbox 444 3017 587 3101; x_wconf 81' lang='lat' dir='ltr'><strong>negauit,</strong></span> <span class='ocrx_word' id='word_1_203' title='bbox 608 3027 638 3082; x_wconf 87' lang='lat' dir='ltr'><strong>et</strong></span> <span class='ocrx_word' id='word_1_204' title='bbox 654 3016 880 3083; x_wconf 85' lang='lat' dir='ltr'><strong>Publicianam</strong></span> <span class='ocrx_word' id='word_1_205' title='bbox 900 3015 1147 3102; x_wconf 90' lang='lat' dir='ltr'><strong>prohibitoriam</strong></span> <span class='ocrx_word' id='word_1_206' title='bbox 1168 3017 1201 3081; x_wconf 96' lang='lat' dir='ltr'><strong>in</strong></span> <span class='ocrx_word' id='word_1_207' title='bbox 1222 3039 1284 3082; x_wconf 88' lang='lat' dir='ltr'><strong>usu</strong></span> 
     </span>
     <span class='ocr_line' id='line_1_28' title="bbox 125 3117 1283 3203; baseline 0.003 -22"><span class='ocrx_word' id='word_1_208' title='bbox 125 3117 225 3184; x_wconf 83' lang='lat' dir='ltr'><strong>fuisse</strong></span> <span class='ocrx_word' id='word_1_209' title='bbox 259 3117 435 3183; x_wconf 89' lang='lat' dir='ltr'><strong>contendit.</strong></span> <span class='ocrx_word' id='word_1_210' title='bbox 482 3119 567 3184; x_wconf 88' lang='lat' dir='ltr'><strong>Nam</strong></span> <span class='ocrx_word' id='word_1_211' title='bbox 597 3141 710 3182; x_wconf 85' lang='lat' dir='ltr'><strong>rursus</strong></span> <span class='ocrx_word' id='word_1_212' title='bbox 743 3119 953 3203; x_wconf 87' lang='lat' dir='ltr'><strong>praeteruidit</strong></span> <span class='ocrx_word' id='word_1_213' title='bbox 983 3117 1085 3184; x_wconf 86' lang='lat' dir='ltr'><strong>ucrbe</strong></span> <span class='ocrx_word' id='word_1_214' title='bbox 1122 3118 1283 3196; x_wconf 90' lang='lat' dir='ltr'><strong>„inuito</strong></span> 
     </span>
     <span class='ocr_line' id='line_1_29' title="bbox 127 3218 1286 3306; baseline 0.002 -23"><span class='ocrx_word' id='word_1_215' title='bbox 127 3225 238 3296; x_wconf 88' lang='lat' dir='ltr'><strong>me,“</strong></span> <span class='ocrx_word' id='word_1_216' title='bbox 274 3218 382 3305; x_wconf 85' lang='lat' dir='ltr'><strong>itaque</strong></span> <span class='ocrx_word' id='word_1_217' title='bbox 409 3219 484 3286; x_wconf 89' lang='lat' dir='ltr'><strong>licet</strong></span> <span class='ocrx_word' id='word_1_218' title='bbox 505 3219 752 3306; x_wconf 88' lang='lat' dir='ltr'><strong>prohibitoriam</strong></span> <span class='ocrx_word' id='word_1_219' title='bbox 781 3220 1008 3286; x_wconf 90' lang='lat' dir='ltr'><strong>Publicianam</strong></span> <span class='ocrx_word' id='word_1_220' title='bbox 1037 3220 1071 3283; x_wconf 92' lang='lat' dir='ltr'><strong>in</strong></span> <span class='ocrx_word' id='word_1_221' title='bbox 1095 3241 1157 3284; x_wconf 91' lang='lat' dir='ltr'><strong>usu</strong></span> <span class='ocrx_word' id='word_1_222' title='bbox 1185 3221 1286 3286; x_wconf 88' lang='lat' dir='ltr'><strong>fuisse</strong></span> 
     </span>
     <span class='ocr_line' id='line_1_30' title="bbox 129 3317 1285 3409; baseline 0.003 -26"><span class='ocrx_word' id='word_1_223' title='bbox 129 3317 398 3387; x_wconf 87' lang='lat' dir='ltr'><strong>uerisimillimum</strong></span> <span class='ocrx_word' id='word_1_224' title='bbox 421 3320 480 3400; x_wconf 90' lang='lat' dir='ltr'><strong>sit,</strong></span> <span class='ocrx_word' id='word_1_225' title='bbox 502 3321 673 3408; x_wconf 87' lang='lat' dir='ltr'><strong>negatoria</strong></span> <span class='ocrx_word' id='word_1_226' title='bbox 693 3331 800 3388; x_wconf 89' lang='lat' dir='ltr'><strong>tamen</strong></span> <span class='ocrx_word' id='word_1_227' title='bbox 821 3321 936 3409; x_wconf 89' lang='lat' dir='ltr'><strong>procul</strong></span> <span class='ocrx_word' id='word_1_228' title='bbox 960 3321 1060 3388; x_wconf 92' lang='lat' dir='ltr'><strong>dubio</strong></span> <span class='ocrx_word' id='word_1_229' title='bbox 1081 3321 1206 3407; x_wconf 89' lang='lat' dir='ltr'><strong>etipsa</strong></span> <span class='ocrx_word' id='word_1_230' title='bbox 1227 3344 1285 3387; x_wconf 85' lang='lat' dir='ltr'><strong>ex-</strong></span> 
     </span>
     <span class='ocr_line' id='line_1_31' title="bbox 130 3420 313 3486; baseline 0 -1"><span class='ocrx_word' id='word_1_231' title='bbox 130 3420 222 3486; x_wconf 88' lang='lat' dir='ltr'><strong>stitit:</strong></span> <span class='ocrx_word' id='word_1_232' title='bbox 311 3474 313 3476; x_wconf 90' lang='lat'>.</span> 
     </span>
    </p>

    <p class='ocr_par' dir='ltr' id='par_1_7' title="bbox 278 3539 1284 3703">
     <span class='ocr_line' id='line_1_32' title="bbox 278 3539 1284 3601; baseline 0.001 -11"><span class='ocrx_word' id='word_1_233' title='bbox 278 3543 464 3592; x_wconf 74' lang='lat' dir='ltr'><strong>r.1.n</strong></span> <span class='ocrx_word' id='word_1_234' title='bbox 498 3539 1284 3601; x_wconf 72' lang='lat' dir='ltr'><strong>.sr.stM.svrsnvr1.a⁸.A⁸.nr11r.</strong></span> 
     </span>
     <span class='ocr_line' id='line_1_33' title="bbox 280 3626 1284 3703; baseline 0.002 -11"><span class='ocrx_word' id='word_1_235' title='bbox 280 3644 386 3703; x_wconf 73' lang='lat' dir='ltr'><strong>rsovn</strong></span> <span class='ocrx_word' id='word_1_236' title='bbox 421 3674 429 3692; x_wconf 93' lang='lat'><strong>.</strong></span> <span class='ocrx_word' id='word_1_237' title='bbox 460 3647 497 3694; x_wconf 80' lang='lat' dir='ltr'><strong>m</strong></span> <span class='ocrx_word' id='word_1_238' title='bbox 531 3674 538 3690; x_wconf 93' lang='lat'><strong>.</strong></span> <span class='ocrx_word' id='word_1_239' title='bbox 573 3626 794 3695; x_wconf 76' lang='lat' dir='ltr'><strong>Tusorrvs&#39;.</strong></span> <span class='ocrx_word' id='word_1_240' title='bbox 826 3647 920 3695; x_wconf 69' lang='lat' dir='ltr'><strong>usu.</strong></span> <span class='ocrx_word' id='word_1_241' title='bbox 944 3645 1090 3694; x_wconf 73' lang='lat' dir='ltr'><strong>Brsuuro</strong></span> <span class='ocrx_word' id='word_1_242' title='bbox 1115 3645 1284 3694; x_wconf 77' lang='lat' dir='ltr'><strong>.1²0ssn.</strong></span> 
     </span>
    </p>
   </div>
   <div class='ocr_carea' id='block_1_6' title="bbox 131 3818 328 3832">
    <p class='ocr_par' dir='ltr' id='par_1_8' title="bbox 131 3818 328 3832">
     <span class='ocr_line' id='line_1_34' title="bbox 131 3818 328 3832; baseline 0.01 -2"><span class='ocrx_word' id='word_1_243' title='bbox 131 3818 328 3832; x_wconf 58' lang='lat' dir='ltr'><strong>..fl-nn—</strong></span> 
     </span>
    </p>
   </div>
   <div class='ocr_carea' id='block_1_7' title="bbox 132 3930 1288 4372">
    <p class='ocr_par' dir='ltr' id='par_1_9' title="bbox 132 3930 1288 4372">
     <span class='ocr_line' id='line_1_35' title="bbox 168 3930 1287 4003; baseline 0 -15"><span class='ocrx_word' id='word_1_244' title='bbox 168 3935 213 4001; x_wconf 79' lang='lat' dir='ltr'><strong>ts)</strong></span> <span class='ocrx_word' id='word_1_245' title='bbox 235 3937 309 3988; x_wconf 85' lang='lat' dir='ltr'><strong>Ante</strong></span> <span class='ocrx_word' id='word_1_246' title='bbox 336 3933 545 3996; x_wconf 69' lang='lat' dir='ltr'><strong>Pronraude</strong></span> <span class='ocrx_word' id='word_1_247' title='bbox 575 3935 681 3990; x_wconf 85' lang='lat' dir='ltr'><strong>actione</strong></span> <span class='ocrx_word' id='word_1_248' title='bbox 732 3936 922 4003; x_wconf 83' lang='lat' dir='ltr'><strong>probationem</strong></span> <span class='ocrx_word' id='word_1_249' title='bbox 953 3933 1075 3988; x_wconf 82' lang='lat' dir='ltr'><strong>sufficere</strong></span> <span class='ocrx_word' id='word_1_250' title='bbox 1106 3949 1128 3987; x_wconf 89' lang='lat' dir='ltr'><strong>c.</strong></span> <span class='ocrx_word' id='word_1_251' title='bbox 1145 3931 1168 3987; x_wconf 84' lang='lat' dir='ltr'><strong>i.</strong></span> <span class='ocrx_word' id='word_1_252' title='bbox 1195 3933 1219 3999; x_wconf 71' lang='grc'><strong>5.</strong></span> <span class='ocrx_word' id='word_1_253' title='bbox 1243 3930 1287 3988; x_wconf 66' lang='lat' dir='ltr'><strong>dl.</strong></span> 
     </span>
     <span class='ocr_line' id='line_1_36' title="bbox 132 4027 1286 4092; baseline 0 -12"><span class='ocrx_word' id='word_1_254' title='bbox 132 4031 271 4092; x_wconf 84' lang='lat' dir='ltr'><strong>negatoria</strong></span> <span class='ocrx_word' id='word_1_255' title='bbox 282 4029 438 4080; x_wconf 84' lang='lat' dir='ltr'><strong>Publiciana</strong></span> <span class='ocrx_word' id='word_1_256' title='bbox 453 4027 575 4092; x_wconf 86' lang='lat' dir='ltr'><strong>loquitar</strong></span> <span class='ocrx_word' id='word_1_257' title='bbox 584 4029 682 4078; x_wconf 81' lang='lat' dir='ltr'><strong>Kuoa·</strong></span> <span class='ocrx_word' id='word_1_258' title='bbox 734 4027 806 4076; x_wconf 87' lang='lat' dir='ltr'><strong>serio</strong></span> <span class='ocrx_word' id='word_1_259' title='bbox 845 4027 974 4092; x_wconf 86' lang='lat' dir='ltr'><strong>affirmet,</strong></span> <span class='ocrx_word' id='word_1_260' title='bbox 1006 4036 1034 4079; x_wconf 87' lang='lat' dir='ltr'><strong>et</strong></span> <span class='ocrx_word' id='word_1_261' title='bbox 1060 4030 1286 4080; x_wconf 81' lang='lat' dir='ltr'><strong>Pvrnsnoarrvs</strong></span> 
     </span>
     <span class='ocr_line' id='line_1_37' title="bbox 133 4116 1287 4194; baseline 0.002 -24"><span class='ocrx_word' id='word_1_262' title='bbox 133 4135 196 4172; x_wconf 81' lang='lat' dir='ltr'><strong>nrvs</strong></span> <span class='ocrx_word' id='word_1_263' title='bbox 219 4137 241 4170; x_wconf 87' lang='lat' dir='ltr'><strong>c.</strong></span> <span class='ocrx_word' id='word_1_264' title='bbox 259 4121 326 4172; x_wconf 92' lang='lat'>1111.</span> <span class='ocrx_word' id='word_1_265' title='bbox 345 4119 370 4185; x_wconf 61' lang='lat' dir='ltr'><strong>fi.</strong></span> <span class='ocrx_word' id='word_1_266' title='bbox 391 4119 424 4184; x_wconf 81' lang='grc'><strong>1.,</strong></span> <span class='ocrx_word' id='word_1_267' title='bbox 444 4120 488 4184; x_wconf 88' lang='lat' dir='ltr'><strong>qai</strong></span> <span class='ocrx_word' id='word_1_268' title='bbox 507 4127 597 4170; x_wconf 87' lang='lat' dir='ltr'><strong>tamen</strong></span> <span class='ocrx_word' id='word_1_269' title='bbox 615 4120 682 4169; x_wconf 69' lang='lat' dir='ltr'><strong>m&#39;his</strong></span> <span class='ocrx_word' id='word_1_270' title='bbox 734 4118 800 4169; x_wconf 90' lang='lat' dir='ltr'><strong>Obs.</strong></span> <span class='ocrx_word' id='word_1_271' title='bbox 823 4116 882 4194; x_wconf 66' lang='lat' dir='ltr'><strong>Sd,</strong></span> <span class='ocrx_word' id='word_1_272' title='bbox 913 4136 993 4185; x_wconf 88' lang='lat' dir='ltr'><strong>qncm</strong></span> <span class='ocrx_word' id='word_1_273' title='bbox 1021 4138 1078 4172; x_wconf 89' lang='lat' dir='ltr'><strong>non</strong></span> <span class='ocrx_word' id='word_1_274' title='bbox 1097 4123 1207 4184; x_wconf 80' lang='lat' dir='ltr'><strong>regulae</strong></span> <span class='ocrx_word' id='word_1_275' title='bbox 1224 4123 1287 4172; x_wconf 88' lang='lat' dir='ltr'><strong>loco</strong></span> 
     </span>
     <span class='ocr_line' id='line_1_38' title="bbox 133 4189 1288 4278; baseline 0.002 -16"><span class='ocrx_word' id='word_1_276' title='bbox 133 4213 249 4264; x_wconf 89' lang='lat' dir='ltr'><strong>lominus</strong></span> <span class='ocrx_word' id='word_1_277' title='bbox 284 4228 397 4278; x_wconf 86' lang='lat' dir='ltr'><strong>prorsus</strong></span> <span class='ocrx_word' id='word_1_278' title='bbox 438 4228 454 4262; x_wconf 86' lang='lat' dir='ltr'><strong>a</strong></span> <span class='ocrx_word' id='word_1_279' title='bbox 484 4217 559 4262; x_wconf 88' lang='lat' dir='ltr'><strong>recto</strong></span> <span class='ocrx_word' id='word_1_280' title='bbox 596 4211 682 4273; x_wconf 86' lang='lat' dir='ltr'><strong>abest,</strong></span> <span class='ocrx_word' id='word_1_281' title='bbox 735 4189 981 4276; x_wconf 52' lang='lat' dir='ltr'><strong>posuissesquod</strong></span> <span class='ocrx_word' id='word_1_282' title='bbox 998 4229 1054 4263; x_wconf 90' lang='lat' dir='ltr'><strong>uno</strong></span> <span class='ocrx_word' id='word_1_283' title='bbox 1073 4227 1138 4264; x_wconf 86' lang='lat' dir='ltr'><strong>casu</strong></span> <span class='ocrx_word' id='word_1_284' title='bbox 1160 4214 1288 4265; x_wconf 79' lang='lat' dir='ltr'><strong>obserua-</strong></span> 
     </span>
     <span class='ocr_line' id='line_1_39' title="bbox 135 4301 1026 4372; baseline 0.002 -18"><span class='ocrx_word' id='word_1_285' title='bbox 135 4319 215 4372; x_wconf 88' lang='lat' dir='ltr'><strong>qnum</strong></span> <span class='ocrx_word' id='word_1_286' title='bbox 248 4306 378 4372; x_wconf 86' lang='lat' dir='ltr'><strong>„qualem</strong></span> <span class='ocrx_word' id='word_1_287' title='bbox 411 4303 540 4370; x_wconf 88' lang='lat' dir='ltr'><strong>qualem“</strong></span> <span class='ocrx_word' id='word_1_288' title='bbox 573 4301 684 4352; x_wconf 90' lang='lat' dir='ltr'><strong>dominii</strong></span> <span class='ocrx_word' id='word_1_289' title='bbox 733 4308 790 4367; x_wconf 83' lang='lat' dir='ltr'><strong>rat,</strong></span> <span class='ocrx_word' id='word_1_290' title='bbox 810 4304 958 4354; x_wconf 85' lang='lat' dir='ltr'><strong>dolendum</strong></span> <span class='ocrx_word' id='word_1_291' title='bbox 975 4312 1026 4357; x_wconf 84' lang='lat' dir='ltr'><strong>est.</strong></span> 
     </span>
    </p>
   </div>
   <div class='ocr_carea' id='block_1_8' title="bbox 0 0 1559 5117">
    <p class='ocr_par' dir='ltr' id='par_1_10' title="bbox 0 0 1559 5117">
     <span class='ocr_line' id='line_1_40' title="bbox 0 0 1559 5117; baseline 0 0"><span class='ocrx_word' id='word_1_292' title='bbox 0 0 1559 5117; x_wconf 95' lang='lat' dir='ltr'><strong> </strong></span> 
     </span>
    </p>
   </div>
  </div>
 </body>
</html>
