3067 5117
1199 354 1258 423 tut

17 535 18 552 ¹
104 525 240 593 tantum,
268 514 323 580 nel
348 514 378 579 si
406 512 613 580 substitutum
640 519 672 576 et
700 510 772 595 ipse
799 507 966 585 habuerit,
996 516 1029 573 et
1049 506 1185 573 coheres
1207 504 1261 571 uel

17 605 18 650 ἶ
104 615 290 680 substitutus
320 615 452 693 adierit,
486 623 594 701 potest
621 611 711 681 adire
732 610 909 697 impuberis
939 608 1160 675 hereditatem.
1209 604 1261 671 Cf.

106 717 143 781 1..
161 718 216 784 40.
239 716 304 783 cit..

207 822 258 895 3⁰,
281 818 415 897 Frater,
439 817 494 885 uel
520 816 654 882 omnino
676 836 754 880 suus
775 815 869 883 heres
889 819 1069 896 testatoris,
1092 816 1120 881 si
1143 814 1262 881 substi-

104 932 185 988 tutus
206 921 304 988 luerit
321 920 412 987 fratri
434 918 630 986 exheredato
651 917 830 1005 impuberi,
860 919 930 985 siue
960 942 1001 985 ex
1022 942 1095 987 asse
1116 917 1262 984 abstinu-

104 1024 177 1100 erit,
201 1024 271 1089 siue
293 1046 334 1088 ex
354 1032 462 1107 parte,
484 1022 554 1087 siue
576 1018 663 1085 adita
683 1020 876 1110 sitquoqno
898 1021 997 1087 modo
1019 1020 1182 1089 hereditas
1201 1042 1262 1105 pa·

17 1125 18 1206 l
104 1138 194 1191 terna
214 1125 285 1189 siue
312 1145 381 1187 non
408 1123 450 1187 sit
481 1114 583 1198 adita,
612 1120 702 1187 fratri
730 1121 891 1208 impuberi
911 1121 1008 1189 heres
1031 1126 1152 1210 poterit
1173 1120 1261 1187 exsi-

17 1213 18 1250 l
103 1228 279 1311 stere.¹¹²)
324 1225 365 1289 L.
387 1226 437 1291 41.
457 1224 521 1289 eit..

204 1330 250 1393 Et
274 1350 362 1393 nuno
387 1327 518 1391 demum
546 1325 588 1392 ad
615 1326 804 1390 Parrumru
834 1324 926 1391 illum
951 1325 1060 1391 locum
1087 1326 1262 1397 redeuntes

103 1430 289 1506 uideamus,
311 1427 584 1513 quemadmodum
603 1426 760 1513 explicari
781 1426 909 1493 debeat.

206 1529 449 1595 Iureeonsultus
471 1549 582 1595 casum
602 1527 665 1593 sibi
688 1527 799 1614 fingit,
828 1528 857 1592 si
885 1550 926 1593 ex
952 1528 1081 1609 duobus
1109 1531 1262 1601 fratribus

105 1635 180 1701 alter
202 1633 343 1720 primum
362 1630 446 1715 patri
465 1652 506 1694 ex
526 1639 717 1694 testamento
739 1628 834 1695 heres
853 1630 1027 1708 exstiterit,
1057 1632 1176 1701 deinde
1197 1635 1263 1703 ira-

105 1738 141 1801 tri
161 1759 206 1801 ex
225 1732 465 1799 substitutione.
504 1732 580 1795 Hoo
612 1752 692 1794 easu
718 1729 809 1795 fratri
830 1730 1003 1797 substituto
1024 1737 1264 1821 separationem

104 1837 264 1903 bonorum
284 1834 385 1920 patris
405 1832 650 1899 concedendam
679 1843 711 1897 et
740 1832 850 1921 legata
879 1832 1044 1901 dumtaxat
1071 1860 1088 1903 e
1110 1840 1262 1906 secundis

106 1938 220 2005 tabulis
243 1936 353 2002 debita
371 1932 567 2021 praestanda
588 1955 660 1999 esse
680 1933 792 2001 habita
820 1934 946 2001 ratione
967 1937 1134 2007 Falcidiae
1157 1942 1192 2006 in
1213 1942 1262 2009 ia-

106 2039 273 2109 cultatibus
293 2035 482 2122 impuberis.
1097 2028 1102 2043 ‘

17 2219 18 2222 Ἴ
205 2142 257 2207 Ne
279 2138 506 2205 resuscitemus
527 2135 595 2201 fere
616 2136 777 2222 sepultam
799 2160 931 2217 eorum,
967 2138 1023 2225 qui
1056 2142 1096 2209 de
1126 2144 1262 2213 exhere-

17 2247 18 2298 ἰ
106 2244 195 2322 dato,
218 2241 272 2307 oui
291 2240 390 2306 irater
410 2237 598 2305 substitutus
617 2249 676 2316 est,
695 2240 822 2327 pupillo
844 2240 947 2309 uerba
965 2242 1036 2309 fleri
1056 2256 1262 2331 putauerunt,

17 2369 18 2372 ’
106 2346 313 2433 opinionem,
326 2346 395 2428 ¹¹³)
424 2342 596 2408 rectiorem
628 2362 711 2425 quae
736 2342 865 2408 uidetur
886 2367 958 2411 esse
980 2349 1174 2415 sententiam
1196 2360 1262 2417 sta·

17 2499 18 2510 .
104 2449 156 2513 tim
176 2443 427 2532 amplectamur,
458 2440 499 2505 de
527 2440 679 2506 institutis
700 2442 825 2509 seilicet
846 2446 973 2515 duobus
993 2449 1070 2515 filiis
1093 2451 1157 2538 agi.
1218 2453 1263 2519 Et

106 2550 224 2615 iubae
253 2544 364 2633 speeie
397 2541 645 2607 eoncedendum
677 2566 750 2612 esse
785 2546 957 2615 substituto
980 2560 1188 2630 asseuerant,
1227 2562 1263 2619 ut

17 2655 18 2732 p
104 2662 273 2738 postquam
294 2643 485 2712 abstinuerit
505 2667 565 2710 sua
584 2645 754 2731 portione,
777 2650 929 2717 succedat
950 2652 985 2717 in
1004 2653 1110 2721 fratris
1131 2654 1261 2723 heredi·

17 2743 18 2831 J
105 2765 214 2831 tatem,
236 2747 415 2816 dnmmodo
434 2747 636 2831 separauerit
662 2747 751 2815 bona
769 2762 905 2835 paterna
927 2754 966 2819 ab
986 2754 1089 2841 ipsius
1111 2757 1261 2844 impube·

105 2855 145 2921 ris
167 2866 198 2921 et
220 2854 261 2920 ab
283 2852 349 2918 illis
370 2847 549 2918 identidem
567 2849 774 2916 abstinuerit:
797 2863 828 2919 et
849 2876 890 2919 ex
914 2855 975 2921 hae
993 2856 1134 2944 denique
1157 2859 1261 2945 ipsius

109 3062 303 3073 *ua—n·-

141 3219 208 3287 stt)
225 3210 358 3272 Diuersss
388 3231 485 3267 omnes
513 3218 658 3268 doctorum
708 3236 767 3271 rum
803 3222 888 3273 libros
925 3222 1042 3288 inspexi,
1067 3225 1259 3277 iureconsultis

104 3315 223 3363 uirorum
247 3312 278 3363 in
306 3312 359 3359 hae
376 3310 490 3359 materia
507 3310 656 3360 sententias
706 3315 852 3379 praecipue
889 3316 986 3379 delego
1012 3318 1067 3367 -ad
1113 3317 1261 3369 Ovrsotvrs

105 3407 249 3457 secuntias
267 3402 371 3455 referre
394 3402 490 3465 nolui,
521 3402 585 3469 qnia
616 3402 655 3452 ni·
705 3407 770 3470 l.1.,
807 3410 984 3461 Vrucnurnss
1016 3408 1174 3461 Gaaortvn
1201 3408 1259 3458 Lib.

106 3497 153 3545 mis
171 3497 250 3559 longe
268 3512 286 3547 s
302 3495 446 3560 proposito
459 3493 559 3543 inisset
577 3494 654 3543 aber·
706 3500 744 3549 11.
764 3514 786 3549 o.
805 3499 848 3554 22.
866 3516 893 3565 p.
914 3499 982 3565 stt,
1016 3503 1221 3553 Pirrtaomvn
1237 3516 1259 3550 c.

105 3587 221 3639 undam.
279 3588 352 3639 Sunt
367 3602 435 3637 nero
456 3592 525 3651 quot
541 3585 654 3649 scripto·
704 3591 809 3654 vnn,
845 3594 1108 3647 Waauxonnrarms
1132 3594 1161 3645 in
1192 3592 1258 3644 dus·

105 3694 157 3740 res,
175 3686 213 3729 tot
232 3679 389 3743 opiniones.
442 3681 540 3742 ltaque
569 3678 653 3727 lusio-
705 3684 756 3733 bns
776 3686 1062 3749 commentationibus,
1102 3688 1258 3737 Lonnstvsr

106 3785 161 3820 rem
177 3774 207 3822 de
225 3773 278 3823 hso
293 3772 359 3821 inn's
376 3778 453 3835 parte
465 3770 654 3821 mentionem
703 3776 723 3826 1.
740 3778 768 3839 1.,
797 3780 973 3829 Hvsomuvn
990 3778 1009 3828 t.
1026 3779 1061 3840 1.,
1098 3780 1257 3830 Venusto·

105 3864 140 3911 sd
156 3870 258 3929 tempus
290 3864 471 3927 opportunius
498 3868 653 3912 resernatu·
703 3882 777 3920 mvn
813 3868 838 3935 ἦ.
865 3868 932 3923 stt..
970 3869 1010 3921 Oi.
1050 3868 1195 3933 scriptores
1230 3871 1259 3921 ia

104 3971 158 4018 rus,
177 3970 267 4007 eornm
285 3957 340 4005 hoe
358 3956 421 4005 loon
449 3955 582 4019 capitibus
610 3962 651 4005 at·
703 3962 776 4011 notis
798 3960 840 4014 97.
861 3968 888 4013 et
907 3960 948 4013 98.
967 3962 1106 4013 nominati.

104 4048 186 4107 tactis,
205 4062 273 4113 qnae
292 4063 308 4097 e
329 4048 450 4098 fontibus
479 4048 581 4099 nostris
610 4048 650 4097 ui·
740 4043 805 4117 ¹¹³)
838 4054 880 4105 Cf.
907 4071 934 4105 n.
960 4052 1013 4118 98.Δ
1031 4055 1205 4105 Hvsonnrvs
1230 4069 1258 4119 p.
1281 4076 1283 4080 >

103 4140 211 4190 deantur
233 4140 357 4204 effluere,
389 4142 468 4205 plnrs
493 4144 527 4191 de
545 4141 588 4191 his
605 4156 648 4191 re·
699 4143 750 4195 79..

101 4229 149 4279 bns
167 4233 301 4297 perlegere
320 4233 433 4297 cupidos
453 4248 490 4285 ex
516 4233 559 4296 iis,
577 4248 646 4297 quo·
