3067 5117
827 754 859 837 S·
876 755 906 824 2.

286 933 325 985 11.
352 927 460 992 ανον
474 931 547 983 aaa
564 929 764 985 nomme
781 930 992 995 lanamve,
1015 930 1162 986 ovmsu
1179 930 1438 985 onuaamrrar

322 1038 578 1093 conrarmmr
595 1036 713 1091 norro
732 1036 998 1103 cournssoars,
1016 1038 1162 1093 erman
1179 1035 1406 1094 mosronia.

711 1206 736 1263 1.
770 1215 900 1271 masta
921 1214 1025 1303 ottilo

395 1347 507 1431 Quum
534 1370 593 1433 per
624 1348 779 1415 formulas
802 1345 889 1435 apud
908 1346 1078 1413 Romanos
1102 1348 1157 1435 agi
1177 1356 1330 1435 coeptum
1350 1355 1440 1419 esset,

292 1458 324 1514 et
344 1449 428 1514 actio
456 1449 659 1515 confessoria
687 1461 783 1537 atque
805 1449 975 1535 negatoria
995 1457 1069 1529 inon
1091 1449 1157 1517 iam
1178 1449 1302 1536 duplex
1322 1470 1441 1535 semper
1518 1470 1519 1539 p

292 1548 449 1615 iudicium
466 1549 650 1628 efficerent,
670 1552 729 1618 sed
751 1550 942 1637 simpliciter
962 1550 1201 1628 intenderetur,
1228 1550 1279 1615 ius
1303 1572 1375 1615 esse
1394 1549 1441 1613 uel
1518 1582 1519 1635 ;

293 1673 361 1717 non
381 1672 473 1730 esse,
500 1652 615 1738 quaeri
641 1654 768 1741 potuit,
799 1650 948 1737 quisnam
970 1650 1067 1717 huius
1090 1651 1219 1717 illiusne
1240 1652 1376 1717 actionis
1395 1652 1441 1719 in·
1518 1640 1519 1701 i

293 1752 477 1819 tendendae
496 1753 682 1836 facultatem
700 1752 850 1830 haberet,
886 1763 918 1819 et
949 1752 1036 1819 hanc
1058 1752 1282 1838 quaestionem
1303 1752 1441 1839 plerique
1518 1750 1519 1757 '

296 1876 410 1921 omnes
441 1854 488 1920 ita
518 1854 796 1929 diiudicauernnt‚
832 1863 867 1917 ut
896 1854 937 1919 L.
960 1856 990 1923 2.
1012 1876 1062 1941 pr.
1085 1853 1114 1919 si
1137 1876 1223 1919 seru.
1250 1852 1345 1937 quasi
1370 1874 1441 1918 nor·

292 1980 380 2023 mam
399 1955 574 2041 antiquitus
595 1954 799 2042 praefinitam
819 1952 854 2017 in
876 1953 1019 2020 medium
1040 1964 1282 2043 proponerent:

376 2056 454 2136 „De
487 2055 696 2123 semitutibus
731 2055 767 2121 in
801 2076 870 2121 rem
905 2054 1049 2120 actiones
1081 2064 1270 2143 competunt
1290 2054 1386 2121 nobis
1407 2053 1443 2119 ad
1518 2080 1519 2083 ¹

374 2156 560 2245 exemplum
582 2180 712 2235 aarum,
743 2177 828 2241 quae
850 2155 892 2221 ad
913 2156 1148 2222 usumfructum
1167 2156 1350 2242 pertinent,
1385 2166 1444 2220 tam

376 2259 579 2327 confessoria
620 2282 719 2352 quam
751 2258 943 2344 negatoria:
987 2257 1259 2325 confessor-ia
1293 2258 1350 2336 ei,
1382 2257 1444 2343 qui

378 2362 632 2429 seruitutem
659 2359 746 2426 sibi
768 2370 1010 2447 competere
1033 2358 1284 2437 contendit,
1320 2382 1444 2445 nega·
1518 2388 1519 2395 ν

377 2464 489 2528 toria
508 2462 697 2541 domino,
726 2461 803 2549 qui
823 2468 997 2548 negat.“

403 2564 491 2629 Hinc
513 2562 583 2631 sole
607 2563 726 2631 elarius
748 2564 860 2631 dieunt
882 2561 984 2637 effioi,
1010 2561 1211 2629 confessoris
1234 2582 1310 2627 enm
1333 2572 1446 2627 tantum

299 2686 399 2752 agere
418 2684 535 2751 posse,
564 2665 620 2751 qui
651 2667 839 2733 seruitutem
860 2666 1003 2749 aliquam
1027 2661 1090 2727 sibi
1110 2671 1297 2749 competere
1319 2674 1445 2729 conten·
1518 2742 1519 2745 Ἴ

300 2764 374 2843 dat,
407 2764 609 2853 rogatoriam
642 2766 777 2833 domino
809 2766 972 2854 proditam
1007 2784 1097 2840 esse,
1134 2762 1279 2849 quirem
1301 2764 1444 2831 suamab

299 2866 437 2932 aliorum
469 2866 707 2933 turbationibus
738 2868 818 2935 uelit
852 2867 945 2933 tueri.
999 2866 1175 2931 Praeterea
1207 2877 1390 2951 prouocant
1409 2866 1445 2931 ad
1518 2860 1519 2915 ἶ

298 2968 545 3035 Tnuorfflnvn
564 2967 605 3034 ad
627 2971 655 3055 δ.
676 2972 707 3038 2.
727 2971 754 3037 Ι.
778 2970 819 3035 de
841 2980 912 3046 act,
934 2967 991 3033 ubi
1010 2966 1092 3032 haee
1114 2976 1204 3029 sunt:

399 3072 522 3159 ,,“Ωστε
544 3072 604 3145 οὖν
631 3076 781 3146 ἐπὶτῶν
808 3076 999 3163 δσωμδτων
1025 3072 1084 3165 οὐχ
1110 3066 1129 3141 δ
1154 3071 1257 3152 αδτδς
1284 3082 1374 3145 κινεῖ
1396 3081 1447 3143 ναὶ
1518 3126 1519 3131 1

402 3184 660 3269 κομφοσσορίως
700 3186 757 3247 καὶ
807 3185 1022 3271 νενατορίως,
1049 3174 1137 3245 atta
1182 3195 1446 3267 κομφεσσο-

401 3286 503 3369 ρίως
526 3286 603 3370 μὲν
629 3276 649 3349 δ
673 3283 822 3365 λέγων,
848 3289 1093 3371 προσεῖναι
1119 3276 1240 3369 αὐτῷ
1264 3282 1314 3349 τδ
1341 3278 1445 3353 donf-
1518 3328 1519 3375 1

400 3405 542 3466 ματον
575 3380 649 3451 οἷον
674 3384 735 3451 τδν
785 3386 1017 3451 usumfructum
1054 3376 1157 3468 ἢτδν
1176 3380 1338 3451 δουλείαν
1364 3383 1442 3451 τατδ
1518 3382 1519 3397 ³

400 3480 458 3567 τῆς
484 3480 590 3552 ἄλλον
616 3484 832 3565 δεσποτείας,
856 3487 1127 3567 νονατορίως
1160 3482 1205 3549 δὲ
1237 3486 1300 3571 τῆν
1330 3477 1444 3542 iurem

283 3574 290 3594 ’
401 3576 532 3652 νινεῑδ
564 3586 785 3675 δεσπότης
811 3579 874 3652 τοῦ
902 3578 1009 3671 ἀγροῦ
1033 3578 1053 3669 ἢ
1076 3580 1134 3671 τῆς
1162 3584 1289 3668 οἰκίας,
1323 3582 1444 3670 dvors—

400 3686 621 3772 βατοίμονος,
647 3688 708 3756 τδν
733 3686 908 3756 ἀντίδικον
933 3684 978 3771 μὴ
1004 3682 1093 3767 ἔχειν
1118 3684 1158 3754 τδ
1184 3688 1232 3754 uti
1252 3690 1335 3769 frui,
1366 3682 1445 3773 ἢτδ
1518 3716 1519 3719 “

400 3787 536 3857 δίκαιον
573 3786 632 3876 τῆς
666 3789 823 3865 δουλείας
852 3787 940 3853 κατὰ
965 3784 1023 3871 τῆς
1047 3784 1156 3857 αδτοῦ
1181 3788 1291 3863 οἰκίας
1320 3782 1340 3876 ἢ
1365 3786 1445 3857 nord

399 3886 463 3957 rori
486 3887 594 3959 αδτοῦ
619 3886 736 3982 treci.
749 3888 804 3983 ¹⁹)

311 4092 512 4103 ———-——

337 4206 382 4272 ιο)
400 4210 442 4261 Of.
461 4210 572 4261 notulae
591 4212 627 4261 ad
644 4211 696 4261 Μ.
714 4215 804 4261 totu.
822 4208 851 4259 in
901 4222 951 4271 gae
971 4206 1084 4259 Comitis
1104 4204 1188 4259 1751..

298 4301 418 4355 editione
436 4303 600 4354 'suornm
626 4302 778 4365 Beitaiana,
796 4302 851 4352 Ha·
