3067 5117
1222 389 1283 456 203

124 558 174 612 tes
197 569 265 611 non
285 545 542 632 circumscriptas
562 545 727 630 praesumi
749 543 829 610 iuris
851 545 892 609 sit
913 545 967 626 (L.
984 545 1014 610 4.
1036 543 1077 608 de
1099 545 1210 627 seru),
1231 545 1245 606 f
1265 584 1279 597 -

126 649 248 714 eillimc
271 649 357 734 pacti
380 647 489 712 doliuc
510 645 721 734 replicatione
743 645 973 710 remouebitur.

224 750 337 814 Restat
364 771 464 811 unum
496 747 659 812 seruitutis
680 769 780 832 supra
798 747 932 811 medum
954 747 1162 811 constitutum
1184 767 1278 810 exer-

118 851 248 928 citium,
281 849 370 935 quod
397 849 544 913 formulis
566 848 664 912 modo
688 847 840 912 exhibitis
861 848 1008 912 nondum
1028 845 1278 932 comprehendi-

118 975 207 1028 muS‚
230 952 258 1015 si
279 951 350 1036 quis
371 950 509 1015 fortasse
530 949 580 1013 ius
601 949 719 1013 habeat
741 947 844 1014 CCC.
864 949 1044 1034 pecudibus
1066 948 1222 1034 praseeudi
1244 949 1278 1012 in

117 1077 197 1139 agro
243 1051 410 1139 Capenate
455 1061 486 1116 et
526 1051 574 1116 Μ.
612 1059 774 1136 pascatur.
846 1051 922 1114 Hoe
965 1072 1042 1114 casu
1082 1049 1186 1114 facilis
1228 1060 1278 1114 cst

116 1154 254 1220 intentio
267 1178 275 1217 ε

269 1309 300 1354 sr
330 1336 337 1352 .
366 1307 481 1354 Prsnnr
511 1335 518 1352 .
549 1292 590 1352 u⁰
618 1298 686 1352 .n⁰
723 1335 730 1352 .
762 1307 820 1353 rvs
845 1335 852 1350 .
875 1305 976 1353 uon.
1003 1307 1086 1355 ussa
1109 1337 1116 1354 .
1139 1310 1193 1354 Μ.
1214 1311 1276 1355 ra-

267 1409 419 1456 ovuruvs
449 1438 456 1454 .
485 1407 523 1453 nr
555 1437 563 1454 .
594 1407 690 1457 Aeno
721 1437 729 1453 .
758 1407 942 1466 cernuam
967 1438 974 1454 .
996 1408 1170 1457 pascuum
1192 1439 1200 1455 .
1222 1411 1275 1456 nr-

270 1510 355 1557 vrro
380 1539 387 1555 .
409 1503 449 1556 a⁰
477 1502 545 1554 .a⁰
571 1538 579 1554 .

74 1699 76 1706 ,
115 1632 168 1695 Eo
193 1629 288 1703 cuim,
311 1627 399 1714 quod
419 1629 467 1692 M.
490 1626 670 1714 pecudibus
693 1630 851 1715 pascendi
871 1630 922 1694 ius
944 1653 1017 1696 esse
1038 1644 1136 1718 negat
1158 1633 1275 1697 aducr-
1303 1715 1305 1720 ³

115 1731 201 1796 sario
234 1742 264 1794 et
291 1730 341 1794 ius
372 1753 467 1793 suum
496 1740 618 1806 tuetur,
652 1753 714 1796 nee
742 1743 848 1796 tamen
875 1732 959 1796 falso
993 1734 1101 1817 egisse
1130 1733 1274 1798 uidetur:

115 1833 199 1898 bene
221 1833 307 1896 enim
327 1830 510 1896 consociari
533 1842 659 1915 potest,
682 1831 904 1897 aduersarium
924 1833 974 1896 ius
997 1857 1064 1898 non
1086 1834 1206 1900 babere
1226 1836 1274 1898 Μ.

114 1933 295 2018 pecudibus
315 1932 472 2018 pascendi
495 1943 651 1997 ettamen
673 1933 723 1997 ius
744 1932 865 1998 habere
890 1933 992 2000 CCC.
1013 1936 1194 2021 pecudibus
1214 1960 1274 2022 pa-

115 2034 240 2109 scendi,
270 2033 346 2098 dum
375 2058 392 2098 e
420 2033 602 2110 contrarie,
637 2033 664 2098 si
692 2035 764 2119 quis
796 2036 928 2101 omnino
957 2037 1008 2102 ius
1030 2037 1186 2122 pascendi
1207 2060 1275 2101 non

114 2135 230 2212 habet,
258 2135 288 2200 ei
311 2135 407 2200 etiam
427 2137 475 2200 M.
497 2136 678 2220 pecudibus
701 2136 792 2222 pasci
814 2137 989 2202 nonlicet.

220 2236 287 2302 Sed
315 2237 386 2301 fieri
413 2236 531 2322 possit,
563 2248 598 2300 ut
625 2237 748 2304 incerto
771 2261 906 2304 numero
928 2250 1079 2324 pascatur
1100 2239 1273 2305 Numerius

111 2337 291 2422 Negidius,
323 2337 398 2403 licet
438 2361 591 2403 numerus
624 2339 690 2404 iste
720 2362 849 2425 semper
873 2341 1008 2406 excedat
1037 2339 1150 2406 000..
1198 2342 1273 2405 Hoc

114 2460 192 2502 casu
212 2438 257 2502 ita
277 2439 511 2504 intendendum
532 2461 604 2505 esse
626 2439 787 2526 quispiam
808 2441 943 2506 dixerit:

215 2579 219 2586 ‘
265 2597 296 2642 sr
327 2625 334 2640 .
364 2596 478 2642 Pauus
506 2583 583 2642 ..u⁰
609 2625 616 2640 .
640 2587 679 2642 u⁰
713 2625 721 2640 .
750 2595 809 2642 rvs
844 2627 851 2642 .
880 2597 953 2644 uon
982 2627 989 2644 .
1016 2600 1099 2647 assa
1122 2630 1130 2646 .
1151 2602 1271 2648 nnus,

267 2698 369 2752 ovum
392 2727 399 2742 .
422 2695 737 2769 cco31³ucvomvs
763 2726 771 2741 .
798 2697 972 2746 Pisonum
995 2728 1002 2745 .
1029 2701 1067 2748 ur
1090 2703 1241 2750 ‚rvuuo
1264 2733 1272 2750 .

266 2799 448 2847 ouruuura
471 2798 622 2845 .1uv1ro
644 2827 652 2844 .
674 2785 715 2842 n⁰
741 2827 748 2842 .
771 2784 811 2843 n⁰
835 2829 842 2844 .

110 2945 218 3007 neque
245 2915 351 2984 tamen
381 2917 547 2983 uel'hane
576 2917 793 2982 intentionem
825 2927 945 2983 rectam
973 2919 1090 2987 habeo.
1144 2924 1271 3000 Potius,

112 3046 211 3108 quum
232 3019 399 3086 arbitraria
419 3019 459 3082 sit
480 3019 563 3084 actio
588 3019 758 3104 negatoria
779 3020 820 3084 ad
844 3020 1009 3086 arbitrium
1027 3027 1274 3110 prouocandum
1322 3022 1325 3027 ⁴

113 3146 254 3199 censeo,
276 3120 364 3186 uelut
385 3119 448 3184 ita:

264 3277 296 3323 sl
328 3304 335 3320 .
363 3275 477 3322 PARET
501 3303 509 3319 0
531 3267 571 3320 N⁰
597 3303 604 3319 ·
626 3268 666 3321 N⁰
692 3305 699 3322 .
728 3277 787 3323 IVS
807 3307 815 3324 .
836 3279 910 3326 NON
931 3309 938 3325 .
961 3283 1044 3329 ESSE
1069 3313 1076 3328 .
1097 3285 1158 3330 ITA
1181 3315 1188 3330 .
1209 3286 1272 3330 Pn-

266 3377 360 3423 STVM
383 3406 390 3422 .
411 3375 595 3422 EXERCERE
618 3405 625 3421 ·
647 3377 685 3422 IN
713 3406 720 3422 ·
749 3379 871 3426 FVNDO
895 3410 902 3426 .
925 3381 1108 3431 CAPENATE
1141 3417 1148 3431 .
1178 3387 1271 3432 INVI-

264 3478 310 3524 ΤΟ
334 3506 342 3522 .
365 3472 405 3524 A⁰
434 3508 441 3523 .
462 3472 503 3524 A⁰
530 3508 538 3524 .

113 3622 176 3683 quo
197 3598 282 3662 facto
304 3597 403 3661 iudex
435 3599 589 3664 seruitute
611 3602 816 3670 considerata
834 3605 901 3672 Nm.
922 3608 988 3674 Nm.
1013 3609 1197 3689 damnabit,
1228 3635 1270 3676 ne

111 3701 184 3786 pius
209 3723 305 3784 quam
325 3696 427 3764 CCC.
449 3700 629 3784 pecudibus
651 3716 813 3790 pascatur.

217 3803 261 3864 At
280 3824 359 3895 uero
382 3801 416 3864 in
438 3803 589 3868 omnibus
618 3803 668 3868 his
690 3805 837 3872 formulis
866 3809 906 3875 ab
937 3809 1050 3878 indole
1081 3815 1271 3900 negatoriae

112 3928 211 3990 supra
231 3903 412 3988 descriptae
430 3925 595 3968 recessum
616 3929 683 3970 non
704 3929 795 3986 esse,
823 3910 932 3996 itaque
959 3913 1050 3978 nullo
1077 3915 1176 3979 modo
1206 3915 1272 3980 diei

111 4029 229 4092 posse,
258 4005 390 4092 grauius
418 4005 452 4068 in
480 4004 530 4070 his
562 4007 662 4073 actori
691 4032 774 4073 onus
801 4012 965 4096 probandi
992 4015 1179 4081 incumbere
1189 4064 1198 4093 ,
1219 4016 1268 4082 fa-

113 4106 232 4170 cillime
253 4107 443 4192 perspicies.
485 4111 598 4193 Itaque
626 4132 692 4174 non
721 4133 804 4196 opus
834 4136 905 4178 esse
935 4115 1105 4180 subtilibus
1126 4118 1271 4183 uirorum

114 4207 284 4272 doctorum
316 4209 494 4276 ratiociniis
530 4209 697 4288 uidemus,
730 4223 765 4276 ut
793 4215 888 4278 etiam
915 4213 968 4280 hie
994 4217 1130 4282 dominii
1148 4219 1270 4304 proba·

113 4308 201 4374 tione
223 4309 394 4375 intentioni
417 4311 614 4378 satisfactum
637 4335 709 4378 csse
731 4317 972 4382 confirmemus.
