3067 5117
311 429 371 500 178

313 581 385 650 245.
419 603 453 646 ιι.
486 580 547 649 10..
602 581 707 648 Nobis
730 580 850 648 suffieit
871 577 1059 646 exhibuisse
1079 577 1112 662 S.
1131 579 1164 648 2.
1184 573 1277 642 1.'de
1297 585 1360 642 act.
1381 585 1414 640 et
1431 574 1470 639 L.

315 683 345 749 5.
367 682 398 766 S.
419 683 450 750 7.
472 682 501 746 si
520 681 617 746 usin:

397 782 513 860 „Sicut
545 781 719 846 fructuario
757 782 792 846 in
827 804 897 847 rem
934 775 1196 867 confessoria[m]
1220 775 1332 863 agenti
1352 777 1472 840 fructus

397 880 585 969 praestandi
607 893 699 960 sunt,
720 882 765 948 ita
785 893 817 948 et
837 880 1044 968 proprietatis
1067 879 1220 955 domino,
1253 877 1282 942 si
1304 874 1475 962 negatoria

395 983 524 1050 actione
544 993 669 1060 utatur,
704 983 819 1049 sedin
843 981 1059 1050 omnibusita
1091 981 1240 1057 demum,
1273 977 1303 1043 si
1334 1001 1406 1042 non
1437 976 1476 1040 sit

396 1105 580 1172 possessor,
602 1084 658 1170 qui
679 1095 765 1170 agat,
790 1107 878 1148 nam
899 1092 938 1148 et
958 1081 1204 1169 possessori
1230 1087 1475 1165 competunt.

402 1183 504 1268 Quod
523 1185 551 1251 si
572 1184 752 1271 possident,
777 1185 857 1248 nihil
873 1184 1034 1250 fruetuum
1049 1183 1183 1248 nomine
1200 1186 1476 1266 consequentur.“

317 1290 391 1353 Hac
411 1287 446 1351 in
467 1286 543 1373 lege
564 1287 716 1353 Vmuuur
737 1285 839 1352 uerba
874 1309 994 1363 „nam
1027 1297 1067 1352 et
1102 1283 1345 1370 possessori
1367 1304 1477 1347 corn-

318 1395 518 1476 petunt,“
539 1386 581 1453 ad
600 1387 721 1453 fructus
741 1387 930 1452 Lvuemvs
950 1386 1059 1464 refert,
1081 1387 1126 1452 ita
1145 1397 1181 1451 ut
1200 1408 1266 1451 uno
1288 1396 1407 1450 tenore
1428 1382 1477 1446 iu-

318 1489 523 1557 reconsultus
546 1487 701 1553 dixisset:
722 1488 831 1566 „Nam
851 1489 974 1554 fructus
1003 1499 1035 1554 et
1059 1487 1246 1574 possessori
1276 1493 1475 1571 competunt,

319 1592 418 1656 immo
450 1611 529 1656 uero
562 1590 747 1675 possessori
777 1613 846 1654 non
877 1601 1065 1676 competunt
1073 1597 1105 1666 ,“
1139 1585 1477 1676 praeterquamquod

320 1716 362 1759 ue
385 1692 432 1758 sic
453 1691 584 1777 quidem
604 1690 772 1758 Lvusruo
794 1691 1062 1777 adstipularetur,
1081 1701 1251 1757 remanent
1273 1689 1363 1755 enim
1379 1687 1478 1752 uerba

322 1792 462 1878 „quod
484 1792 518 1857 si
537 1789 804 1878 possident.“

423 1892 635 1980 Peragrapho
656 1902 762 1960 autem
784 1894 860 1962 21.
883 1893 924 1960 de
946 1905 1007 1960 set.
1039 1893 1081 1960 de
1100 1891 1270 1979 negatoria
1286 1891 1397 1957 solum
1416 1891 1476 1955 diei

318 1997 506 2062 Lvnnnvs
538 1992 722 2070 contendit,
754 1995 1002 2079 praeteruidens
1031 1995 1186 2081 scriptum
1215 2017 1310 2060 esse:
1354 1993 1475 2076 „Quod

321 2117 449 2182 genus
470 2094 641 2170 actionis‚“
667 2116 735 2160 uox
762 2104 951 2180 „genus“
972 2107 1080 2162 autem
1099 2095 1268 2162 notionem
1287 2095 1390 2162 habet
1410 2118 1473 2159 am·

320 2199 459 2285 pliorem
480 2209 512 2264 et
531 2197 658 2282 species
680 2197 922 2282 complectitur,
959 2197 1085 2284 species
1119 2219 1199 2262 uero
1218 2197 1281 2263 hoe
1304 2196 1382 2263 loeo
1406 2205 1475 2259 sunt

321 2298 414 2385 ipsae
438 2299 582 2364 actiones
606 2298 807 2364 confessoris
828 2309 861 2364 et
881 2299 1061 2385 negatoria
1118 2297 1242 2365 Melius
1271 2297 1384 2383 itaque
1412 2297 1474 2382 egit

321 2399 557 2477 Tuomsws,
596 2398 653 2484 qui
685 2397 774 2465 clara
804 2397 885 2462 iuris
919 2410 1094 2486 praecepta
1112 2398 1276 2466 semoueri
1295 2422 1399 2486 posse
1419 2398 1472 2462 de-

321 2521 455 2587 sperans
487 2501 599 2586 legum
629 2500 712 2568 haee
747 2500 846 2568 effata
878 2499 969 2566 uelut
1002 2500 1036 2565 in
1069 2500 1163 2587 praxi
1189 2523 1258 2566 non
1279 2498 1473 2567 admittenda

319 2600 559 2667 condemnauit.

423 2702 536 2788 Itaque
550 2713 581 2768 et
601 2704 850 2789 possessori
872 2715 905 2770 et
924 2727 1008 2770 non
1028 2705 1271 2791 possessori
1291 2715 1469 2792 competere

304 2802 466 2868 ‘dicemus
490 2803 650 2870 actionem
672 2805 924 2882 confessoriam,
958 2806 1018 2872 sed
1039 2818 1163 2872 tantum
1184 2807 1290 2885 abest,
1318 2817 1355 2870 ut
1374 2825 1470 2890 aeque

319 2904 505 2990 frequenter
525 2915 696 2990 utrumque
717 2929 757 2974 ea
776 2908 824 2973 uti
844 2908 1097 2986 contendemus,
1122 2919 1158 2973 ut
1176 2907 1368 2994 plerumque
1392 2930 1469 2980 enm,

321 3006 465 3090 quinon
502 3005 687 3093 possideat,
727 3008 928 3075 confessoris
951 3022 1096 3076 acturum
1135 3031 1207 3076 esse
1245 3009 1468 3081 concedamus,

320 3129 419 3191 quum
447 3107 548 3192 longe
580 3107 710 3194 saepius
745 3109 796 3173 ius
829 3109 964 3196 aliquod
990 3111 1053 3178 sibi
1087 3122 1275 3197 competens
1309 3110 1469 3174 uindicare

319 3206 454 3293 aliquis,
482 3231 579 3294 quam
609 3209 642 3272 in
672 3210 757 3288 iure,
779 3210 869 3296 quod
891 3213 956 3276 iam
977 3211 1092 3291 habet,
1121 3212 1305 3279 exercendo
1327 3233 1467 3277 securum

317 3330 352 3373 se
373 3308 453 3374 uelit
472 3309 629 3386 reddere,
648 3323 821 3397 antequam
842 3334 882 3379 eo
904 3313 1050 3398 priuatus
1071 3315 1122 3379 sit.
1175 3312 1383 3391 Conferatur,
1416 3310 1466 3396 qui

271 3467 274 3472 .
318 3409 451 3495 egregie
473 3409 555 3476 haec
586 3411 752 3498 exposuit,
780 3414 961 3480 Mmturmn
988 3414 1064 3481 Lib.
1085 3415 1134 3481 X.
1159 3438 1230 3501 cap.
1251 3416 1294 3483 V.
1318 3419 1417 3482 t—l.
1439 3423 1467 3477 et

317 3509 608 3597 Psr1vsp.235..

420 3611 490 3676 lam
512 3635 602 3690 uero,
626 3613 653 3678 si
673 3614 919 3682 fundamentum
939 3641 1131 3704 quaeramus
1152 3619 1235 3695 eius,
1256 3618 1464 3706 quamprimo

314 3709 390 3776 loeo
412 3711 617 3780 exhibuimus
639 3715 798 3782 formulae
820 3719 1058 3786 confessorias:

465 3821 759 3883 s1.rsnnn.n⁰
784 3831 855 3883 .n⁰
880 3839 1462 3889 ‚1vs.ussn.nvun1.scunm·

464 3937 502 3983 IN
525 3967 533 3984 .
553 3937 676 3986 FVNDO
700 3936 952 3988 ·OORNEL1ANO
975 3972 984 3988 .

313 4016 435 4103 duplex
456 4043 529 4088 esse
552 4032 661 4107 potest
679 4021 775 4099 ratio,
796 4021 854 4087 cur
874 4023 925 4088 ius
948 4023 1064 4109 aliquis
1079 4021 1207 4102 habeat,
1224 4023 1324 4090 eundi
1343 4020 1460 4110 agendi,

310 4126 469 4211 primum,
503 4126 579 4211 quia
605 4125 757 4191 dominus
785 4136 852 4203 est,
880 4125 1021 4204 deinde,
1052 4126 1270 4211 quiahiusjtin
1297 4150 1334 4192 re
1363 4125 1459 4192 habet.

308 4226 489 4313 Fingamus
512 4225 621 4312 itaque
649 4226 818 4292 dominum
846 4227 974 4294 actione
997 4229 1168 4315 proposita
1192 4229 1257 4305 uti,
1287 4229 1366 4313 quid
1391 4247 1458 4292 eue-

307 4330 395 4396 niet?
433 4331 502 4394 Aut
522 4351 614 4396 reum
630 4328 764 4396 habebit
783 4329 926 4406 nullum,
953 4339 1010 4394 aut
1037 4329 1109 4397 iure
1142 4353 1202 4396 suo
1229 4330 1368 4416 probato
1388 4329 1457 4394 alte·
