3067 5117
263 375 306 443 88

267 548 329 592 nus
357 522 478 589 debere
499 521 708 587 substitutum
729 520 872 608 proponi
894 520 1097 587 arbitrantur.
1162 518 1214 587 Of.
1234 521 1437 588 virsano·

269 642 353 691 vivs
373 626 414 689 A.
437 647 470 710 p.
491 625 573 691 275..

375 727 590 790 Hvscumvs
619 733 733 789 contra
751 721 829 789 Vol.
851 722 924 789 Vll.
946 746 979 809 p.
1002 724 1053 791 66.
1086 724 1327 811 elegantissime
1350 746 1439 788 eon·

269 810 362 905 iecit,
392 824 502 892 uerbis
526 825 590 889 illis
622 823 742 909 „quod
768 822 855 887 filius
878 824 1038 890 extraneis
1061 848 1129 889 non
1151 826 1341 903 debuerit,“
1365 848 1440 890 non

271 928 467 1014 significari,
492 926 573 991 haee
595 924 705 1011 legata
727 924 861 990 omnino
884 947 952 989 non
973 924 1084 991 deberi
1107 950 1126 991 a
1147 926 1338 1005 substitute,
1375 930 1439 993 sed

271 1030 381 1119 potius
409 1028 536 1093 lucrum
562 1026 682 1113 respici
714 1048 732 1090 e
763 1024 911 1113 frugibus
939 1036 1073 1111 propter
1106 1051 1218 1094 eorum
1246 1030 1440 1115 legatorum

272 1154 421 1197 caussam
442 1127 639 1216 pendentem
658 1126 830 1193 hereditati
850 1126 1079 1195 accedentibus
1100 1142 1222 1208 natum,
1244 1144 1275 1197 et
1296 1143 1440 1218 propter
1526 1188 1527 1199 .

273 1232 362 1319 ipsas
388 1230 448 1296 has
474 1230 585 1315 fruges
614 1238 701 1294 reete
738 1229 803 1294 diei
827 1230 990 1315 potuisse,
1031 1240 1139 1296 cetera
1164 1231 1274 1319 legata
1305 1235 1438 1319 augeri.
1526 1244 1527 1315 t

276 1332 344 1401 Sed
378 1332 459 1397 haec
493 1329 730 1415 interpretatio,
772 1328 848 1395 lieet
884 1352 1028 1396 summac
1067 1331 1252 1417 sagacitatis
1288 1334 1439 1419 signum,

275 1434 371 1498 nimis
398 1445 508 1497 tamen
535 1442 661 1497 remota
689 1430 818 1495 uidetur
840 1431 1016 1509 attrahere,
1039 1456 1136 1518 quam
1158 1455 1240 1519 quae
1262 1434 1332 1500 sine
1356 1458 1439 1521 gra·
1526 1428 1527 1493 l

276 1533 418 1599 nissimia
439 1532 563 1599 caussis
584 1532 731 1599 adhiberi
749 1531 900 1597 debeant.

380 1635 502 1719 Quoad
535 1635 635 1721 igitur
662 1635 894 1700 Vaueuuovrr
934 1635 1126 1701 sententiam
1159 1634 1334 1703 dicendum
1376 1652 1439 1717 est,

273 1759 431 1823 perquam
457 1734 614 1822 singulari
641 1736 857 1801 Annicuuvur
875 1735 1122 1803 ratiocinatione
1148 1760 1242 1802 usum
1264 1739 1386 1819 fuisse,
1411 1745 1441 1808 si
1526 1732 1527 1813 ζ

274 1838 479 1903 imminutam
499 1836 560 1903 sibi
582 1835 743 1902 bonorum
764 1837 977 1923 possessione
995 1836 1207 1905 hereditatem
1228 1840 1381 1907 finxisset
1407 1856 1440 1909 et

274 1939 394 2006 deiude
421 1940 463 2006 de
494 1939 612 2025 legatis
633 1936 796 2003 substituti
818 1949 952 2025 propter
983 1940 1099 2025 pupilli
1130 1940 1239 2027 legata
1268 1946 1438 2011 extraneis
1526 1930 1527 1953 ³

274 2041 386 2109 debita
418 2043 459 2108 ad
481 2042 606 2107 irritum
630 2040 809 2107 recidentia
836 2038 995 2125 augendis
1022 2040 1173 2117 dixisset,
1202 2064 1302 2126 quum
1323 2054 1439 2112 tamen
1526 2090 1527 2099 ι

274 2144 348 2229 ipsa
377 2142 435 2208 illa
454 2143 563 2230 legata
582 2142 683 2229 longe
702 2141 806 2207 maius
828 2140 1054 2207 detrimentum
1082 2142 1301 2210 intercedente
1323 2146 1438 2213 bono·

275 2268 348 2310 rum
367 2245 578 2331 possessione
593 2240 745 2309 'sensisse
772 2241 944 2330 probabile
965 2242 1024 2319 sit,
1054 2266 1151 2329 quam
1180 2246 1293 2331 paucis
1314 2246 1438 2334 legatis
1526 2262 1527 2325 t

275 2345 422 2434 explosis
442 2344 677 2411 incrementum
696 2344 846 2410 habitura
866 2345 939 2408 sint.
982 2342 1080 2410 Certe
1102 2344 1131 2409 si
1152 2344 1215 2411 hec
1238 2346 1349 2413 dicere
1373 2374 1439 2416 ue·

274 2446 407 2524 luisset,
442 2446 582 2511 strictius
603 2448 808 2523 damonae,
842 2468 940 2531 quam
967 2445 1030 2511 sibi
1059 2458 1273 2532 proponeret,
1303 2451 1437 2535 species
1526 2446 1527 2519 l

276 2558 345 2615 erat
364 2548 561 2615 definienda.

379 2650 466 2715 Num
486 2650 587 2737 igitur
607 2649 815 2716 uerisimilius
837 2660 900 2727 est,
923 2650 1012 2736 quod
1036 2650 1218 2735 auspicatur
1236 2650 1438 2721 VANGERO-

274 2769 377 2827 νινε,
397 2750 439 2817 de
459 2750 637 2817 hereditate
654 2752 819 2817 bonorum
842 2752 1052 2838 possessione
1082 2774 1143 2817 nee
1175 2750 1346 2821 imminuta
1371 2780 1437 2823 nec
1526 2738 1527 2813 i

275 2852 414 2918 adaucta
435 2852 690 2918 iureconsultum
707 2851 851 2918 dixisse?
876 2852 1094 2920 verisimilius
1116 2864 1164 2917 est
1182 2856 1298 2939 procul
1317 2856 1437 2936 dubio,

274 2953 334 3019 aed
366 2953 440 3038 quis
474 2976 619 3039 unquam
652 2953 891 3020 iureconsultus
919 2955 1088 3019 Romanus
1115 2955 1315 3041 singularem
1336 2958 1439 3041 ¹hune

273 3078 383 3121 casum
416 3077 485 3121 non
505 3056 685 3121 accuratius
708 3056 906 3121 indicasset?
950 3057 1074 3124 Verum
1096 3056 1124 3121 si
1145 3056 1186 3122 de
1209 3056 1314 3125 edicto
1339 3084 1436 3128 com·
1526 3084 1527 3147 t

272 3158 373 3222 misso
393 3156 495 3223 uerba
510 3157 611 3233 fiunt,
627 3147 756 3242 'aliquid
778 3168 934 3221 mutatum
953 3180 1025 3223 esse
1043 3156 1125 3244 fingi
1145 3158 1179 3222 in
1200 3160 1302 3245 priori
1322 3186 1438 3229 rerum

273 3258 478 3335 conditione,
508 3282 637 3344 semper
659 3258 815 3323 debemus
837 3258 1056 3335 contendere,
1085 3259 1149 3323 nisi
1170 3261 1333 3346 expressis
1355 3286 1436 3331 uer-

273 3358 324 3425 bis
348 3361 545 3424 contrarium
565 3360 750 3425 affirmetur.

380 3459 471 3541 Quid
493 3462 597 3545 ergo?
643 3460 732 3525 Nihil
753 3471 870 3537 restat,
904 3482 1002 3545 quarn
1022 3462 1128 3527 statim
1159 3461 1199 3528 ab
1220 3462 1313 3529 initio
1334 3464 1436 3533 huius

273 3662 411 3728 adaucta
431 3662 534 3729 uerba
553 3686 627 3729 esse
647 3663 748 3741 laeta,
770 3675 901 3750 putare,
924 3686 1020 3748 quam
1041 3668 1235 3733 seutentiam
1256 3666 1433 3736 benessio

272 3560 357 3646 legis
386 3560 427 3626 de
447 3560 626 3627 hereditate
645 3561 762 3648 pupilli
790 3561 1009 3628 intercedente
1034 3562 1197 3629 bonorum
1218 3568 1436 3651 possessione
1526 3590 1527 3653 t

270 3786 406 3849 prorsus
428 3764 559 3830 refutari
581 3775 772 3850 argumento
796 3790 816 3831 a
836 3766 1056 3833 iureconsulto
1079 3767 1190 3835 addito
1227 3782 1436 3857 „propterea

273 3862 362 3949 quod
382 3865 526 3951 pupillus
548 3864 709 3931 extraneis
728 3890 797 3933 non
821 3867 969 3935 debuerit
986 3876 1007 3907 “
1055 3878 1087 3935 et
1107 3878 1175 3935 tota
1197 3872 1359 3938 sententia
1379 3874 1433 3939 in·
1526 3858 1527 3951 l

271 3966 436 4050 sequenti:
466 3966 553 4045 „sio
574 3977 607 4032 et
626 3989 772 4033 creseere
798 3976 901 4035 ete..“

373 4068 466 4133 Haec
486 4067 596 4133 omnia
616 4092 669 4135 me
689 4080 879 4148 mouerunt,
909 4082 945 4136 nt
964 4082 1152 4159 corruptum
1176 4093 1249 4141 esse
1269 4074 1358 4141 hunc
1377 4076 1431 4142 lo·

271 4188 344 4232 cum
371 4178 533 4252 putarem:
560 4170 700 4246 aceedit,
724 4170 813 4255 quod
833 4171 866 4235 in
890 4171 1015 4257 Codice
1037 4175 1230 4241 Florentino
1259 4198 1320 4261 pro
1344 4196 1430 4243 uoce

269 4277 552 4353 ‚‚propterea“
574 4268 694 4355 legitur
714 4283 988 4357 „praeterea“
1003 4286 1043 4347 ¹et
1064 4298 1129 4343 vox
1150 4275 1336 4363 „legata“
1359 4301 1428 4345 non
1526 4312 1527 4359 i
