3067 5117
309 408 369 477 160

413 559 483 627 Sed
503 580 602 644 quum
624 559 752 625 actione
773 558 974 626 coufessoria
1004 560 1100 627 ctiam
1128 560 1178 625 ius
1207 560 1241 626 in
1272 570 1382 626 nostro
1402 558 1455 625 ali-

311 660 388 744 quid
407 660 549 725 iaciendi
574 681 825 745 persequamur,
855 660 1042 737 uideamus,
1075 661 1153 746 quid
1182 663 1386 727 statuendum
1411 662 1455 736 sit,

311 762 338 825 si
361 762 433 846 quis
455 761 497 827 dc
523 761 593 825 iure
621 759 715 825 altius
739 761 875 827 tollendi
905 774 989 847 agat.
1038 764 1082 827 Et
1112 762 1145 827 in
1173 764 1229 829 tadi
1255 787 1290 828 rc
1316 762 1457 827 facillimo

309 862 515 949 potentiori,
537 871 572 925 ut
594 860 666 946 quis
686 882 753 927 non
774 863 969 948 generaliter
989 862 1052 929 tale
1073 864 1123 927 ius
1144 865 1207 930 sibi
1227 864 1387 940 uindicet,
1408 863 1459 927 sed

310 984 422 1027 rursus
444 973 550 1027 certae
572 974 695 1027 tantum
716 986 877 1049 personae
899 962 1067 1029 cuiusdam
1089 977 1240 1052 respectu
1261 964 1386 1041 habito,
1408 986 1458 1027 uc-

310 1064 359 1127 lut
379 1063 488 1129 uicino
512 1064 553 1128 ad
573 1064 728 1129 dextram.
770 1065 820 1130 Ac
841 1076 908 1131 tum
933 1066 1062 1130 demum
1092 1067 1208 1134 melius
1238 1079 1330 1153 aget,
1366 1065 1391 1128 si
1415 1064 1460 1129 iu-

311 1165 436 1231 tendat:

461 1286 492 1333 sl
515 1286 657 1333 .1’ARuT
679 1315 687 1332 .
709 1286 823 1334 MIHI.
845 1287 902 1334 lvs
924 1316 932 1331 .
952 1288 1035 1335 ussa
1059 1317 1067 1333 .
1090 1288 1219 1335 amrvs
1243 1283 1458 1335 .r0L1.uuu1.

463 1374 679 1435 mv1r0.r⁰
706 1380 788 1434 .r⁰.

310 1473 365 1541 uel

459 1594 521 1639 ma
543 1622 550 1639 .
573 1588 1015 1639 saurrrcarvu.1rauuun
1040 1620 1047 1636 .
1070 1591 1195 1639 ruvrro
1219 1621 1227 1637 .
1250 1576 1292 1636 u⁰
1317 1619 1324 1634 .
1346 1574 1398 1635 n0.

311 1676 387 1743 licet
412 1677 482 1742 iure
511 1697 570 1741 suo
597 1684 711 1739 contra
744 1672 872 1737 uicinos
902 1696 1016 1739 omnes
1044 1676 1182 1760 probato
1217 1672 1315 1741 etiam
1342 1670 1460 1737 omissis

312 1780 383 1844 istis
412 1777 522 1843 uerbis
551 1784 665 1841 contra
690 1783 814 1839 certum
843 1774 1015 1857 quemdam
1052 1773 1194 1838 uicinum
1228 1774 1398 1840 uictoriam
1427 1773 1460 1835 sit

312 1888 545 1964 reportaturus.
578 1878 627 1940 Ac
661 1898 738 1939 uere
773 1874 905 1959 egregie
927 1874 1022 1939 uobis
1052 1873 1162 1939 fauere
1194 1876 1343 1953 uidetur,
1383 1873 1461 1959 quod

312 1982 369 2046 ubi
389 1980 431 2045 de
453 1977 661 2043 seruitutibus
682 1974 815 2043 urbanis
839 1976 923 2041 actio
947 1975 1149 2041 confessoris
1169 1988 1377 2053 memoratur,
1397 1976 1459 2061 ple-

312 2102 448 2165 rumque
478 2101 544 2143 nou
566 2078 676 2142 insunt
696 2073 807 2153 uerba,
827 2074 868 2141 de
890 2075 1007 2159 quibus
1031 2076 1147 2161 agitur,
1169 2078 1227 2142 sed
1249 2077 1379 2143 duobus
1399 2088 1460 2141 tan·

313 2195 380 2247 turn
397 2181 479 2247 loeis
500 2181 556 2263 (L.
578 2181 608 2245 4.
630 2178 661 2261 §-
678 2180 708 2243 7.
730 2176 758 2239 si
779 2197 863 2241 seru.
885 2187 916 2242 et
935 2178 975 2241 L.
999 2180 1045 2246 15.
1069 2179 1110 2243 de
1132 2177 1176 2243 0.
1192 2178 1234 2243 N.
1256 2179 1315 2265 N.)
1338 2182 1377 2245 de
1399 2180 1459 2243 iure

313 2284 409 2349 altius
430 2280 567 2346 tollendi
586 2279 756 2365 leguntur,
786 2287 817 2343 et
838 2277 873 2341 iu
895 2301 934 2343 eo
958 2279 1030 2365 ipso
1054 2302 1149 2357 casu,
1172 2302 1269 2364 quem
1291 2282 1389 2347 modo
1411 2281 1459 2345 dc-

314 2383 516 2468 scripsimus.

417 2486 564 2571 Apparet
586 2482 712 2567 itaque‚
734 2480 767 2545 iu
793 2480 995 2547 confessoris
1019 2482 1145 2548 actione
1169 2482 1367 2567 generaliter
1388 2503 1458 2567 opus
1516 2504 1517 2540 ἢ

315 2610 382 2652 non
412 2607 485 2650 esse
517 2582 627 2648 uerbis
670 2582 840 2659 „inuito
873 2583 934 2646 N⁰.
968 2583 1067 2660 N⁰.“‚
1095 2605 1194 2666 quum
1227 2581 1459 2647 fundamentum

314 2686 449 2753 actionis
491 2695 523 2749 et
551 2683 748 2748 desiderium
788 2683 913 2769 agentis
948 2705 989 2749 ex
1020 2682 1135 2747 ceteris
1165 2682 1289 2747 affatim
1311 2694 1458 2771 appareat.

312 2790 453 2853 Prorsus
487 2795 594 2849 autem
626 2785 718 2850 aliter
750 2784 956 2851 statuendum
989 2795 1038 2848 est
1071 2782 1111 2848 de
1140 2783 1266 2848 actione
1293 2784 1457 2869 negatoria.

315 2890 354 2959 Si
376 2888 449 2974 quis
471 2887 559 2951 enim
579 2885 735 2952 intendite

465 3008 498 3053 sr
528 3036 536 3052 .
563 3007 678 3053 rarum
710 3035 718 3050 .
747 2990 789 3051 u⁰
821 3032 829 3048 .
859 2990 900 3051 ut
933 3004 1019 3049 .1vs
1042 3032 1050 3047 .
1071 3003 1144 3050 uon
1165 3032 1173 3049 .
1194 3005 1277 3051 assu
1302 3035 1309 3051 .
1331 3006 1434 3051 avum
1514 3042 1515 3045 ,

463 3109 600 3157 nouum
621 3137 629 3154 .
651 3107 689 3153 ru
711 3135 719 3151 .
741 3104 863 3152 avano
890 3134 897 3149 .
921 3103 1115 3151 caraunus.
1514 3078 1515 3128 t

313 3199 559 3265 fundamentum
580 3190 652 3257 talis
677 3188 813 3255 actionis
835 3189 979 3273 positum
1001 3200 1050 3253 est
1082 3189 1114 3251 in
1145 3210 1205 3265 eo,
1235 3190 1326 3273 quod
1355 3190 1457 3254 aduer-

315 3301 419 3367 sarius
449 3296 500 3359 ius
529 3293 654 3358 nullum
678 3289 806 3355 habeat.
857 3290 927 3353 Iam
956 3288 1080 3373 flagae,
1105 3288 1245 3373 probare
1264 3313 1365 3375 posse
1387 3313 1457 3360 eum,
1513 3330 1514 3379 4

318 3402 503 3487 quicunque
524 3391 716 3467 intenderit,
743 3412 860 3455 reuera
880 3390 930 3452 ius
952 3388 1033 3451 illud
1062 3388 1149 3453 Titio
1179 3411 1246 3451 non
1275 3414 1365 3467 esse,
1393 3388 1458 3473 quid
1513 3380 1514 3419 ¹

316 3500 464 3568 eueniet?
515 3493 675 3576 Quisnam
699 3490 774 3554 finis
802 3501 852 3555 est
871 3489 1005 3553 iudicii?
1037 3512 1200 3573 quaenam
1221 3489 1457 3555 condemnatio?

315 3599 509 3679 Rectissime
530 3593 617 3660 euim
640 3592 800 3677 leianus
820 3590 949 3656 exhibet
969 3588 1007 3652 fr.
1027 3590 1057 3654 5.
1078 3611 1128 3674 pr.
1150 3590 1178 3651 si
1201 3588 1296 3652 usia:

397 3702 461 3783 „de
492 3717 568 3762 suo
596 3692 684 3757 enim
715 3714 781 3757 non
813 3692 853 3757 de
882 3690 1030 3756 alieno
1072 3689 1142 3753 iure
1175 3712 1337 3775 quemque
1373 3708 1456 3773 agere

395 3803 557 3891 oportet.“

317 3903 475 3992 Quisquis
511 3907 618 3964 autem
650 3905 758 3980 potest
785 3894 954 3962 intendere
991 3894 1063 3972 „ius
1086 3892 1140 3957 alii
1171 3913 1238 3956 nou
1260 3898 1365 3967 esse,“
1393 3887 1456 3951 licet

316 4012 387 4095 ipse
407 4004 533 4071 nullum
552 3997 602 4063 ius
623 3995 758 4074 habeat,
784 4007 815 4063 et
834 3996 898 4063 huo
919 3995 995 4061 facit
1016 3995 1254 4059 Tuuoel-nnvs
1276 3993 1317 4056 ad
1338 3992 1367 4075 §.
1388 3992 1414 4057 2.
1433 3986 1454 4050 Ι.

316 4111 358 4175 de
380 4116 441 4174 act.
464 4103 594 4167 diceus:
1214 4092 1215 4095 '

416 4216 508 4295 „Kal
534 4209 593 4277 διὰ
616 4213 652 4276 τί
675 4208 721 4294 μὴ
747 4212 803 4275 καὶ
828 4203 1001 4286 ἐνταῦθα,
1025 4211 1064 4271 ἐν
1099 4197 1126 4293 qt
1159 4209 1247 4270 κινεῖ
1274 4224 1325 4276 τις
1363 4219 1453 4279 voya-

415 4317 536 4403 τορίως
569 4311 631 4396 τὴν
657 4312 692 4377 in
718 4333 807 4391 rem,
846 4309 892 4394 μὴ
922 4308 1081 4391 λέγομεν,
1128 4302 1234 4372 αὐτὸν
1272 4299 1379 4377 κακῶς
1412 4320 1454 4363 κι-
