3067 5117
302 431 361 498 170

301 594 387 649 ctum
408 579 484 656 erit,
516 601 627 644 rursus
656 601 724 645 non
743 601 826 668 opus
846 590 896 646 est
916 581 1043 648 actione
1064 581 1106 648 de
1125 582 1196 648 iure
1217 591 1330 649 nostro
1352 607 1421 670 pro
1434 622 1448 637 ·

298 681 488 757 hibendi,
512 679 571 745 sed
593 680 665 766 ipsa
692 681 912 747 eonlessoriae
935 682 984 746 uis
1006 680 1040 745 in
1061 681 1124 746 hoe
1144 681 1288 748 iurenos
1301 683 1447 747 tuebitur:

300 786 371 852 aliis
393 782 518 850 uerbis:
554 781 739 865 quicunque
761 804 852 859 eum,
890 782 944 847 eui
971 782 1108 846 seruitus
1131 783 1276 860 debetur,
1300 782 1335 846 in
1363 806 1449 847 exer-

303 887 407 954 cenda
431 883 585 950 seruitute
608 881 730 959 turbat,
755 883 859 968 ipsam
881 883 975 949 istam
999 884 1186 949 seruitutem
1208 883 1347 971 aggredi
1365 883 1451 948 uide·

302 1001 363 1067 tur,
386 1011 455 1052 non
473 984 525 1049 ius
547 1007 587 1050 ex
608 983 670 1047 ista
686 984 840 1048 seruitute
863 996 977 1050 contra
1003 985 1085 1050 alios
1113 996 1321 1072 competens,
1352 987 1453 1070 itaque

299 1112 366 1154 non
387 1085 556 1174 negatoria
578 1084 632 1150 uel
653 1083 868 1171 prohibitorio
890 1085 1082 1170 depelletur,
1107 1085 1167 1151 sed
1186 1087 1387 1152 confessoris
1408 1086 1452 1151 al·

298 1206 347 1260 ter
367 1192 417 1256 ius
439 1211 533 1254 suum
553 1185 741 1251 uindicabit.

401 1310 515 1394 Itaque
538 1306 660 1371 directo
693 1306 854 1372 actionem
882 1302 1129 1388 prohibitoriam
1152 1331 1193 1374 ex
1214 1310 1286 1395 ipso
1309 1307 1451 1374 dominio

304 1422 507 1498 competere,
537 1407 674 1473 fidenter
692 1417 888 1482 statuamus,
920 1405 964 1470 ita
991 1407 1139 1491 quidem,
1177 1421 1212 1474 nt
1234 1409 1383 1495 quemuis
1404 1407 1454 1471 uel
1514 1442 1515 1453 κ

297 1513 459 1581 seruitutis
482 1509 614 1575 nomine
635 1507 689 1572 uel
711 1507 775 1572 alia
795 1507 836 1572 de
857 1528 973 1571 caussa
991 1506 1026 1571 in
1044 1506 1148 1575 libero
1162 1510 1300 1575 dominii
1322 1525 1385 1574 usu
1397 1531 1453 1571 nos

299 1617 481 1682 turbantem
510 1635 549 1676 ea
580 1609 707 1675 actione
735 1630 973 1673 remaneamus.
1019 1609 1121 1690 Quod
1149 1611 1257 1697 ipsum
1278 1634 1380 1695 quum
1404 1633 1454 1673 su-

299 1742 359 1804 pra
392 1717 423 1800 S.
453 1717 483 1781 4.
515 1713 555 1778 de
586 1709 755 1797 negatoria
781 1709 908 1776 actione
933 1711 1140 1776 statuendum
1164 1735 1237 1776 esse
1268 1713 1455 1787 uiderimus,

297 1828 467 1904 sequetur,
505 1825 541 1878 ut
560 1813 727 1897 utriusque
753 1811 887 1877 effectus
908 1835 1042 1897 prorsus
1063 1812 1231 1890 concidat,
1261 1813 1318 1878 uel
1339 1814 1453 1900 potius,

294 1929 329 1984 ut
358 1915 572 2005 prohibitoria
607 1914 751 1998 undique
782 1912 971 1996 negatoriae
1006 1913 1084 1978 orbe
1111 1913 1406 1991 circumscribatur,
1425 1925 1453 1978 et

296 2017 392 2084 simili
421 2016 525 2081 relatu
553 2016 617 2080 iam
647 2012 882 2098 antiquioribus
910 2013 1139 2078 iureconsultis
1168 2013 1252 2080 hanc
1282 2016 1452 2080 formulam

295 2132 406 2186 notam
423 2118 524 2182 fuisse
547 2115 624 2180 dicit
643 2115 906 2181 Vnueuncvrvs
926 2117 958 2198 §.
971 2116 1041 2182 353.
1063 2139 1095 2177 n.
1119 2116 1147 2182 1.
1169 2115 1190 2178 i.
1211 2117 1233 2178 f.
1257 2117 1356 2197 [edit.
1381 2128 1451 2203 post

295 2223 336 2286 A.
347 2215 751 2294 MDCCCXXXXIIII.)
775 2215 864 2280 uelut
893 2217 1085 2281 Blussoruo
1107 2215 1148 2280 L.
1169 2217 1212 2283 V.
1232 2240 1260 2283 e.
1281 2221 1348 2286 24..
1389 2217 1451 2284 Sed

294 2325 505 2388 Bnrssomvs
531 2315 554 2382 l.
578 2341 605 2382 c.
632 2315 815 2381 uncialibus
846 2326 969 2382 tantum
998 2317 1112 2382 litteris
1136 2318 1266 2404 scripsit
1286 2321 1393 2386 uerba
1410 2321 1448 2383 L.

291 2425 321 2490 5.
348 2446 397 2508 pr.
425 2421 452 2484 si
473 2418 591 2484 ususfr.
622 2428 653 2483 et
684 2417 725 2480 L.
750 2419 798 2483 ll.
834 2418 862 2481 si
893 2441 979 2484 seru.
1019 2419 1060 2483 ad
1094 2419 1347 2505 prohibitoriam
1378 2443 1449 2505 per·

290 2523 440 2599 tinentia,
471 2520 604 2585 omnino
634 2540 713 2584 uero
743 2541 812 2582 non
841 2529 992 2604 apparet,
1028 2543 1106 2584 num
1135 2520 1199 2586 hoe
1222 2521 1299 2586 ideo
1330 2522 1448 2596 fecerit,

290 2623 366 2709 qnia
392 2621 564 2686 formulam
590 2643 661 2686 eam
688 2643 748 2684 sua
774 2619 808 2683 ni
838 2642 876 2683 ac
904 2630 1064 2704 potestate
1090 2632 1292 2687 constantem
1328 2623 1447 2689 habue-

291 2725 349 2788 rit:
383 2722 441 2787 sed
469 2723 578 2809 potius
609 2735 743 2808 propter
777 2719 935 2785 formulae
971 2716 1216 2787 similitudinem
1248 2724 1359 2788 acrius
1393 2724 1449 2787 ista

287 2825 389 2890 uerba
410 2824 563 2890 extulisse
586 2823 730 2888 uidetur:
760 2821 839 2886 alias
868 2822 1018 2908 pluribus
1049 2836 1081 2888 et
1111 2823 1292 2890 distinctius
1327 2823 1446 2888 dehac

287 2926 426 2991 formula
446 2925 589 2990 dicturus
609 2924 733 2988 luisset.
775 2923 888 3007 Itaque
910 2923 1006 2988 etiam
1029 2925 1063 2988 in
1084 2924 1192 2990 indice
1214 2924 1447 3010 prohibitoriae

287 3027 423 3092 actionis
453 3026 652 3090 mentionem
676 3047 744 3089 non
771 3023 857 3090 feeit.
908 3024 1065 3092 Similiter
1092 3025 1305 3091 iudicandum
1336 3036 1386 3091 est
1409 3024 1446 3088 de

285 3128 471 3192 Nruvuuro
492 3150 524 3210 p.
546 3128 596 3193 41.
618 3126 640 3188 i.
657 3125 690 3189 l..

390 3245 457 3313 Sed
479 3245 685 3308 chunums
715 3245 905 3310 incredibile
935 3245 979 3309 ait
1008 3267 1095 3321 esse,
1131 3248 1323 3311 Praetorem
1353 3244 1446 3308 ludos

286 3343 379 3427 quasi
410 3343 585 3407 uerborum
614 3345 903 3419 exercitationesue
934 3344 1065 3410 dicendi
1095 3347 1128 3410 iu
1157 3346 1276 3411 Edieto
1299 3345 1445 3410 uoluisse

286 3443 471 3518 instituere,
494 3443 602 3528 itaque
624 3466 706 3530 opus
729 3469 819 3522 esse,
838 3458 873 3511 ut
893 3446 969 3510 licet
986 3446 1177 3532 saepissime
1198 3458 1338 3530 utraque
1361 3445 1442 3510 actio

285 3543 390 3630 possit
419 3543 584 3620 adhiberi,
617 3569 710 3610 casus
737 3547 869 3632 quidam
898 3547 1108 3612 nihilominus
1130 3548 1361 3623 inueniantur‚
1388 3545 1442 3609 ubi
1514 3580 1515 3585 κ

282 3645 374 3710 alteri
405 3654 527 3710 tantum
553 3647 646 3711 locus
680 3647 730 3712 sit.
787 3649 831 3712 Et
866 3659 1025 3732 quatenus
1056 3651 1227 3736 negatoria
1251 3647 1443 3734 ampliorem

281 3743 535 3831 comprehendat
569 3748 698 3825 orbem,
733 3747 829 3813 laeile
856 3771 928 3814 esse
957 3762 1149 3837 perspectu,
1190 3773 1289 3836 quum
1319 3748 1442 3814 seilicet

279 3870 444 3932 nunquam
466 3847 591 3913 intendi
611 3847 729 3934 possit:

428 4001 459 4047 sl
481 4029 488 4046 ·
508 4003 623 4049 PARET
654 4032 662 4048 ·
684 4004 741 4050 IVS
766 4033 774 4048 ·
795 4005 879 4052 MIHI
903 4033 911 4050 ·
933 4006 1016 4053 ESSE
1039 4035 1048 4052 .
1069 4006 1290 4055 PROHIBENDI
1317 4035 1327 4051 ·
1357 4000 1408 4054 Nm
1431 4037 1438 4054 .

425 4096 474 4148 Nm
500 4131 507 4148 ·
526 4105 586 4150 ITA
609 4133 616 4148 .
636 4104 883 4152 AEDIFIGATVM
906 4136 914 4152 .
936 4108 1078 4154 HABERE
1098 4139 1106 4154 ·

275 4203 442 4290 prohiberi
464 4205 550 4269 enim
569 4217 692 4270 tanturn
716 4231 815 4293 posse
827 4257 836 4286 ,
866 4210 955 4295 quod
977 4210 1162 4289 immineat,
1189 4211 1242 4276 uel
1262 4212 1437 4295 repetitum

277 4306 317 4370 iri
339 4306 427 4371 credi
449 4307 562 4392 possit.
603 4309 647 4372 Et
667 4307 730 4373 hoo
750 4320 874 4374 rectum
895 4320 953 4376 est.
994 4311 1100 4378 Nobis
1120 4335 1199 4377 uero
1216 4335 1258 4377 ex
1276 4311 1328 4388 iis,
1352 4336 1434 4398 quae
