3067 5117
263 442 304 513 62

261 594 430 683 pupillaris
473 594 660 663 hereditatis
698 610 822 685 partem
860 603 906 669 ita
937 604 1126 670 substitutus
1163 601 1349 678 habebitur,
1380 613 1412 666 ut

260 720 394 783 prorsus
432 721 491 784 per
525 720 560 763 se
602 699 840 767 consideretur:
884 705 992 790 itaque
1029 703 1083 769 uel
1111 703 1207 768 huius
1239 701 1293 768 uel
1325 714 1411 768 ante·
1515 713 1516 722 ’

261 796 405 863 cedentis
425 798 622 887 paragraphi
643 814 817 889 praecepta
838 804 872 869 in
896 828 969 871 eum
989 804 1254 871 redhibebuntur.

738 1107 938 1125 m

794 1430 826 1512 §-
852 1430 882 1497 a.

312 1583 494 1648 QVOMODO
519 1588 689 1641 INEVNDA
713 1589 775 1640 SIT
798 1588 918 1641 RATIO
947 1588 1057 1641 LEGIS
1077 1588 1297 1654 Fancnnan,
1330 1590 1366 1642 sl

393 1680 542 1733 DVOBVS
560 1681 810 1735 IMPVBERIBVS
845 1682 982 1733 rvusslr
1002 1680 1277 1735 SVBSTITVTVM.

361 1883 503 1951 Duobus
537 1885 728 1973 pluribusue
763 1883 987 1972 impuberibus
1018 1885 1047 1951 si
1081 1883 1288 1952 substitutum
1310 1883 1413 1961 tuerit,

257 1984 356 2053 uariis
379 1985 419 2051 ab
441 1988 533 2053 initio
555 1987 735 2055 notandum
757 1999 824 2065 est,
855 1998 1042 2054 testatorem
1062 1987 1109 2052 uti
1127 1987 1274 2073 potuisse
1296 1986 1414 2052 substi-

257 2087 391 2153 tutionis
412 2089 577 2169 formulis,
600 2088 690 2155 uelut
705 2089 814 2155 hisce:

363 2205 899 2286 ‚‚oa1usetseius,fnu
939 2206 1201 2293 impuberes,
1240 2205 1413 2271 hereses

258 2318 392 2374 sunto.
451 2309 602 2387 Gaius,
634 2308 669 2373 si
701 2308 817 2373 intra
848 2306 1119 2396 pubertatem
1151 2307 1413 2384 decesserit,
1515 2337 1516 2398 3

254 2408 442 2475 Maeuius
465 2410 586 2476 heres
610 2419 713 2475 esto.
766 2411 909 2487 Seius,
943 2409 978 2473 si
1010 2408 1413 2495 intrapubertatem
1515 2403 1516 2448 ³

255 2510 512 2592 decesserit,
540 2512 651 2577 idem
671 2513 864 2579 Maeuius
884 2512 1005 2577 heres
1027 2517 1159 2575 esto.“

360 2630 522 2709 „Gaius
563 2632 767 2711 etSeius,
808 2632 895 2696 filii
938 2630 1207 2717 impuberes,
1238 2630 1412 2697 heredes

143 2740 148 2751 “
256 2742 394 2797 sunto.
437 2733 481 2801 Si
510 2734 674 2819 (ambo)
706 2732 1412 2821 intrapubertatemdecesserint,
1515 2733 1516 2814 ᾗ

253 2834 463 2901 Maeuium
485 2834 744 2901 substituo.“

355 2954 522 3033 „Gaius
564 2954 764 3033 etSeius,
803 2953 895 3019 lilii
935 2951 1196 3038 impuberes,
1237 2952 1412 3021 heredes
1515 2949 1516 3008 l

254 3067 391 3122 sunto.
454 3057 520 3134 Ei,
558 3056 627 3143 qui
665 3054 1176 3143 supremusdecesserit,
1207 3057 1412 3122 Maeuium
1515 3065 1516 3140 ξ

254 3160 572 3241 substitu0.““⁶)
1515 3155 1516 3182 ³

360 3276 550 3343 Curandum
568 3290 615 3345 est
638 3279 764 3365 itaque,
783 3288 818 3342 ut
839 3286 936 3363 prout
955 3298 1007 3341 res
1031 3276 1190 3356 accidant,
1213 3289 1316 3343 certas
1340 3280 1412 3346 ubi·
1515 3369 1516 3372 Ἴ

253 3403 316 3466 que
339 3379 379 3444 de
401 3380 551 3445 Falcidia
572 3379 758 3447 inducenda
779 3378 911 3467 regulas
932 3400 1166 3465 proponamus.
1515 3385 1516 3394 ’

356 3498 383 3563 Ι.
425 3498 625 3567 Substitutus
645 3499 798 3565 Maeuius
820 3522 862 3565 ex
896 3497 1001 3584 prima
1034 3496 1190 3575 formula,
1224 3500 1251 3562 si
1283 3501 1411 3587 utrique

251 3598 378 3687 pupillo
401 3600 495 3668 heres
519 3600 669 3679 exsistat,
692 3600 966 3686 quemadmodum
986 3598 1068 3665 ratio
1090 3599 1257 3667 Falcidiae
1277 3602 1319 3666 sit
1340 3604 1411 3669 ine·

252 3702 357 3780 unda,
383 3725 511 3790 semper
532 3701 761 3769 dubitauerunt
781 3701 844 3766 uiri
863 3701 960 3767 docti.
1515 3705 1516 3784 l

354 3822 566 3907 Antiquiores
590 3822 676 3887 enirn
703 3820 869 3908 plerique,
899 3820 1031 3907 plenam
1050 3820 1114 3886 hoc
1135 3843 1213 3887 casu
1234 3832 1267 3889 et
1284 3823 1410 3909 portio·
1515 3817 1516 3890 l

252 3946 330 3987 num
356 3934 387 3987 et
415 3922 596 4011 legatorum
626 3923 808 3989 laoieudam
830 3944 903 3987 esse
925 3923 1199 3989 contributionem
1220 3936 1410 4001 statuerunt,
1515 3925 1516 3978 ἐ

253 4023 427 4110 praecipue
461 4025 576 4113 regula
608 4024 666 4091 illa
696 4025 782 4105 nixi,
820 4047 918 4111 quarn
949 4046 1048 4110 supra
1074 4027 1105 4110 S.
1128 4027 1158 4092 5.
1192 4022 1408 4099 exhibuimus,
1515 4037 1516 4082 ξ

253 4212 447 4223 μ--ι-ο-α--ψ-

284 4327 330 4399 le)
350 4332 391 4383 Cf.
410 4334 440 4383 Ι..
461 4330 512 4397 37.,
529 4333 560 4383 L.
578 4332 619 4388 42.
640 4334 673 4381 de
694 4331 767 4395 uulg.
787 4327 1058 4401 etpup.(XXV111,
1078 4327 1122 4393 6.).
