3067 5117
251 516 413 598 ,‚idem“
434 512 555 605 illud,
576 512 665 599 quod
688 514 734 579 ita
752 511 932 579 rectissime
953 509 1090 577 refertur
1112 507 1154 574 ad
1169 507 1272 574 uerba
1315 514 1405 584 „at-

252 620 350 707 quin
372 626 559 705 quartam
579 614 746 693 habet‚“
769 613 888 701 quibua
909 611 997 677 idem
1018 609 1156 697 exprimi
1196 604 1337 671 uidimus
1359 612 1405 668 at-

253 744 315 807 que
339 718 408 796 illo,
432 740 497 805 quo
522 738 693 805 perperam
715 714 836 781 referre
859 714 984 789 solent,
1008 723 1079 792 „et
1104 712 1237 797 ipsum
1262 703 1407 771 Faloi-

251 822 405 889 eidiam
431 817 710 885 habiturum.“
759 818 909 883 Alterum
928 826 1043 892 restat,
1072 812 1162 899 quod
1183 807 1408 884 indieauimua,

252 946 369 990 uooem
390 920 532 1009 ‚,pati“
554 928 643 985 reeta
663 918 812 1007 indigere
835 915 1117 1005 interpretationez
1141 936 1179 979 ao
1199 933 1277 978 uere
1298 907 1408 973 dioen-

252 1024 330 1089 dum
359 1034 426 1101 est,
458 1022 526 1087 fere
558 1042 752 1087 oonourrere
777 1019 841 1087 hoo
861 1019 936 1085 loeo
958 1018 1127 1083 notionem
1148 1014 1245 1080 hrriua
1266 1008 1359 1076 noeis
1381 1017 1412 1073 et

251 1126 343 1192 uooie
379 1123 680 1203 ,‚admittere,“
711 1121 739 1187 si
760 1133 869 1187 tamen
890 1143 1025 1207 operam
1044 1118 1193 1192 dederis,
1218 1112 1315 1181 etiam
1336 1134 1411 1198 pae-

255 1227 359 1293 aiuam
372 1224 535 1312 quandam
555 1222 623 1287 uim
645 1223 815 1289 immittere
835 1222 969 1309 poteria,
991 1221 1075 1287 haue
1097 1218 1231 1294 seilicet,
1253 1225 1290 1281 ut
1310 1212 1411 1299 signi-

254 1329 346 1394 fioet:
369 1347 535 1412 „neque
556 1324 667 1391 idem
688 1322 855 1390 admitti
877 1324 1069 1411 patiatur
1090 1316 1281 1386 instituti
1302 1338 1412 1383 oom-

255 1428 462 1516 paratio.“
513 1426 659 1493 Omnino
689 1448 767 1493 uero
798 1448 897 1513 aegre
918 1448 986 1491 non
1007 1424 1143 1500 ferrem,
1174 1419 1290 1486 sileni
1309 1427 1412 1522 muta-

255 1530 344 1597 tione
384 1531 469 1596 iacta
497 1527 662 1614 legeretur
687 1550 748 1614 pro
784 1525 1117 1613 ‚,oomparatio“
1161 1542 1413 1606 „eompara-

255 1633 454 1708 tionem,“
475 1629 521 1697 ite
539 1638 575 1695 ut
596 1627 764 1707 „idem“
786 1628 959 1695 referretur
979 1627 1022 1693 ad
1043 1626 1151 1713 ipaum
1172 1623 1275 1701 illum,
1297 1621 1413 1706 dequo

256 1734 358 1800 uerba
391 1732 492 1811 flunt,
528 1730 744 1797 substitutum.
759 1731 814 1815 Η)
874 1730 944 1799 Sed
969 1728 1034 1795 hoo
1061 1727 1229 1815 peruiam
1248 1722 1414 1792 monuiaae

255 1832 402 1901 sufficiat.

306 2126 816 2206 guualibeiatumaitaublatanaturali
865 2154 986 2205 arma,
1015 2142 1085 2193 hanc
1109 2138 1344 2204 comparationem
1361 2153 1416 2189 nou

309 2232 495 2297 obligatione?
864 2235 961 2286 eadem
978 2232 1103 2297 efficere,
1121 2247 1191 2299 quae
1209 2237 1300 2284 antea.
1336 2232 1415 2283 Prae-

337 2328 476 2394 Atquin
503 2325 561 2375 siue
579 2326 705 2389 possidet
722 2327 808 2376 credi·
863 2329 974 2379 teraidit
992 2327 1063 2377 euim
1079 2326 1109 2377 in
1124 2327 1304 2377 flamniam
1326 2324 1419 2375 emen-⁴

309 2428 355 2473 tor
386 2425 464 2473 actor
493 2418 619 2483 idemque
644 2418 724 2468 heres
744 2434 811 2483 rem,
863 2422 974 2472 datione
994 2419 1123 2484 ‚,item“
1140 2419 1224 2482 illud,
1243 2434 1298 2485 quo
1319 2417 1415 2481 signifi·

309 2516 367 2566 siue
387 2528 444 2565 non
461 2512 596 2578 possidet,
613 2509 754 2563 uideamus
775 2512 810 2563 de
862 2520 952 2577 eatur,
976 2528 1034 2565 nou
1054 2512 1154 2563 eodem
1172 2512 1255 2563 modo
1272 2512 1414 2563 admitten·
1448 2544 1451 2549 -

311 2609 408 2657 effectu
426 2602 491 2657 rei·“
863 2609 926 2659 dam
946 2622 1008 2658 ease
1038 2606 1067 2656 in
1094 2604 1148 2654 hoe
1176 2604 1323 2654 aubatituto
1341 2603 1415 2654 inati·

257 2701 354 2766 Itaque
387 2704 415 2749 et
440 2699 495 2748 hoc
513 2701 609 2747 nostro
641 2695 704 2746 loeo
736 2703 811 2759 „at-
862 2701 913 2752 tuti
932 2698 1163 2763 comparationem
1179 2703 1262 2763 atque
1279 2698 1309 2748 in
1331 2698 1415 2747 altero
1514 2743 1515 2746 ,

257 2792 525 2858 quinquertam
542 2786 687 2851 habet,“
706 2788 812 2852 aimpli-
860 2794 927 2856 illo,
957 2794 991 2841 de
1019 2805 1074 2858 quo
1105 2791 1189 2840 modo
1220 2791 1322 2839 dietum
1352 2794 1414 2839 erat

257 2884 325 2935 citer
356 2883 456 2932 dietum
487 2896 549 2932 aare
583 2893 634 2944 pro
666 2896 811 2943 „uerum
861 2886 919 2937 Nee
936 2885 1021 2949 magia
1048 2893 1144 2934 noatra
1164 2882 1319 2932 emendatio
1338 2884 1413 2934 Van-

257 2981 418 3043 qnartam
440 2970 585 3035 habet,“
612 2970 730 3024 fidenter
747 2974 812 3023 licet
861 2991 983 3029 eunoun
1000 2976 1167 3039 argumentis
1186 2974 1331 3041 refutatur,
1349 2989 1415 3041 qnae

257 3074 386 3119 ammeta.
861 3071 915 3121 hue
932 3070 978 3120 uel
1006 3069 1123 3119 maxime
1150 3067 1287 3133 pertinere
1324 3068 1412 3134 putari

294 3157 340 3225 ²⁴)
360 3158 484 3212 Eandem
509 3156 566 3207 fere
594 3155 814 3208 emendationem
861 3162 977 3226 poeaint.
1000 3159 1073 3210 Nihil
1091 3160 1164 3213 enim
1183 3160 1288 3213 facilim
1307 3168 1359 3225 eat,
1377 3162 1414 3213 ui·

258 3254 356 3305 fecisse
381 3257 480 3316 postea
506 3246 564 3298 uidi
591 3248 813 3314 Hnnnnrnavn,
861 3254 900 3303 hil
927 3252 1092 3317 simplicius,
1133 3266 1214 3318 qnam
1243 3268 1275 3303 ea
1302 3260 1415 3315 tantum,

258 3347 311 3399 nisi
340 3345 415 3409 qnod
444 3342 525 3393 etiam
554 3354 652 3389 uocem
676 3342 812 3405 „idem“
864 3360 934 3411 qnae
957 3344 1159 3397 iureconsultus
1190 3344 1304 3395 uixdum
1331 3361 1414 3410 expo·

258 3440 287 3490 in
305 3435 437 3501 ‚,item“
461 3434 485 3485 ia
504 3432 724 3496 eommutauerit,
742 3448 812 3497 quae
866 3444 958 3489 auerat
986 3453 1022 3488 ex
1049 3438 1255 3503 comparatione
1281 3439 1418 3491 substituti

259 3532 346 3582 altera
370 3528 526 3580 coniectura
557 3529 584 3573 et
612 3523 665 3588 ipsi
691 3525 756 3575 mihi
786 3526 815 3576 iu
865 3545 928 3580 eum
955 3530 1080 3581 inatituto
1118 3531 1263 3596 consequi,
1299 3531 1417 3583 similiter

261 3628 380 3674 mentem
414 3622 537 3671 uenerat.
596 3616 700 3670 Contra
733 3632 815 3685 quem
868 3638 929 3673 eum
947 3624 976 3675 in
996 3629 1088 3674 mente
1105 3624 1234 3674 habaima
1251 3624 1417 3689 eredere‚ai

261 3714 349 3767 nolim
367 3710 469 3763 dixiam
487 3713 717 3774 Vanoaaorrvra
745 3725 815 3776 quae
868 3719 966 3768 eodem
987 3723 1084 3767 tenore
1111 3717 1145 3765 de
1166 3718 1261 3767 eadem
1280 3732 1416 3783 eompara-

262 3806 297 3859 A.
317 3821 343 3871 p·
363 3802 424 3859 245.
454 3819 480 3856 n.
499 3801 543 3854 tt.
573 3802 711 3854 diaaeruite
738 3818 816 3868 pror·
866 3810 941 3861 tione
972 3810 1071 3859 iterum
1100 3808 1185 3859 uerba
1204 3808 1279 3862 daut.
1314 3812 1417 3878 Itaque,

264 3913 311 3949 aua
332 3897 404 3948 enim
422 3895 522 3947 errauit
540 3894 583 3945 uir
600 3910 736 3959 flammat,
754 3896 817 3945 hinc
865 3908 1012 3967 antequam
1041 3901 1185 3952 damnetur
1212 3910 1326 3967 propter
1341 3906 1416 3956 Van·

265 3996 420 4043 secuturum
455 4002 516 4039 eaae
552 3988 736 4051 contendens,
781 4001 816 4038 ue
868 4008 990 4045 eunom
1032 3992 1215 4043 dubitationes
1265 3997 1415 4047 emendatio

265 4080 377 4134 omnino
407 4082 461 4133 hoc
489 4094 554 4131 earu
572 4080 735 4131 substitutae
756 4094 817 4129 euru
867 4091 972 4148 nostru,
994 4086 1070 4150 quod
1089 4091 1133 4136 eat
1144 4086 1325 4150 supplendum
1342 4090 1416 4140 reati·

264 4175 389 4227 inatituto
422 4173 572 4238 comparari
599 4174 711 4237 debeat,
753 4173 818 4223 dum
866 4182 971 4227 tnatur:
993 4192 1100 4243 „neque
1117 4178 1192 4228 idem
1209 4180 1326 4242 patiatur
1342 4182 1415 4233 inati-

265 4282 350 4319 unum
373 4266 442 4317 illud
463 4280 617 4332 proponere
642 4266 708 4318 uelit
731 4268 817 4319 Parr-
867 4268 918 4319 tuti
943 4282 1004 4320 earn
1033 4270 1282 4335 comparationem,
1310 4274 1417 4337 qualem
