3067 5117
276 444 299 513 8

279 594 320 660 tri
340 594 437 661 etiam
459 593 583 681 acquiri
609 590 766 660 creditum
805 588 918 666 luerit,
953 610 1021 653 non
1056 584 1253 674 poterimus,
1287 584 1366 669 quin
1393 582 1434 649 ub
1529 609 1530 612 ¹

281 696 431 763 omnibus
463 706 495 764 et
525 695 592 761 suis
625 704 657 761 et
687 692 805 781 pupilli
835 691 933 760 bc'nis
966 691 1078 779 legare
1105 688 1251 779 potuisse
1285 696 1436 774 parentes

280 799 459 869 identidem
489 796 709 866 concedamus
723 797 773 875 ⁸),
804 791 897 860 salua
931 792 1011 859 ΧΠ.
1032 792 1215 860 tabularum
1235 790 1436 867 auctoritate,

281 900 398 989 quibus
419 898 654 989 praescriptum
671 906 754 973 erat,

530 1000 606 1080 „uti
626 999 667 1065 de
688 1018 759 1063 suo
781 996 932 1085 legassit,
952 997 998 1064 ita
1015 996 1066 1062 ius
1081 1004 1198 1076 esto‚“

282 1128 358 1170 nam
378 1102 480 1191 patris
500 1101 722 1177 habebantur,
743 1122 827 1186 quae
850 1100 994 1188 pupillus
1015 1099 1205 1187 acquisiuit,
1228 1099 1348 1165 omnia.

385 1206 430 1271 Et
449 1204 531 1273 haec
563 1202 675 1293 opinio
700 1202 835 1291 egregie
857 1203 1066 1269 confirmatur
1082 1201 1186 1271 Μή.
1199 1200 1240 1269 0.
1262 1202 1305 1270 de
1320 1201 1438 1291 legetis

282 1306 462 1392 (V1,37.):
928 1304 932 1312 ’

363 1408 474 1489 „Cum
514 1406 646 1495 quidam
672 1429 765 1473 snum
790 1405 894 1471 lilium
914 1404 1117 1492 impuberem
1136 1404 1367 1473 exheredatum
1390 1407 1440 1473 le-

363 1512 407 1578 cit
540 1507 647 1575 eidem
683 1519 791 1575 autem
828 1506 956 1596 pupillo
985 1506 1084 1573 alium
1114 1506 1320 1573 substitutum
1360 1506 1439 1572 reli-

364 1612 527 1700 quit...
561 1622 593 1677 et
620 1610 835 1677 asubstitutc
863 1608 1007 1695 legatum
1034 1607 1181 1694 reliquit,
1213 1607 1440 1694 quaerebatur,

364 1713 393 1781 si
412 1712 600 1779 huiusmodi
621 1711 765 1801 legatum
797 1712 850 1778 uel
880 1711 1169 1779 fideicommissum
1181 1714 1211 1794 ⁴)
1244 1711 1350 1800 possit
1378 1734 1440 1778 ua-

365 1815 468 1881 lere.“

388 1915 487 1985 Vnde
510 1916 715 2005 apertissime¹
744 1927 896 2005 apparet,
924 1916 1099 2006 posteriori
1131 1937 1261 2003 quoque
1291 1926 1441 2004 ternpore

282 2020 367 2087 hane
387 2018 473 2106 patri
496 2018 680 2086 facultatem
703 2044 723 2087 a
743 2018 939 2106 quibusdam
957 2018 1059 2085 luisse
1080 2016 1288 2084 uindicatam.

389 2122 434 2187 Et
453 2120 534 2188 haec
555 2120 654 2207 igitur
673 2120 719 2187 ita
740 2144 814 2189 sese
833 2119 1027 2198 habuerunt,
1049 2119 1155 2186 donec
1166 2116 1349 2204 legatorum
1359 2118 1443 2185 luxu

282 2222 463 2311 pullulante
482 2221 602 2289 nimiae
622 2232 811 2290 testatorum
829 2222 982 2291 licentiae
1002 2232 1071 2288 erat
1086 2220 1333 2299 occurrendum,
1351 2224 1442 2309 quod

284 2346 385 2411 quum
408 2323 521 2411 legum
547 2324 760 2405 necessitate,
799 2336 869 2392 tum
898 2348 939 2393 eo
971 2324 1043 2391 fieri
1074 2322 1228 2411 coeptum
1254 2334 1322 2403 est,
1350 2326 1442 2411 quod

284 2416 496 2491 iureconsulti
524 2424 684 2492 rationem
704 2426 802 2507 iuris,
823 2450 908 2514 quue
928 2448 1033 2513 usque
1054 2448 1095 2492 eo
1116 2426 1151 2492 in
1176 2425 1239 2493 hae
1259 2436 1350 2512 parte
1377 2427 1441 2493 ob-

284 2527 396 2606 tinuit,
416 2526 658 2614 interpretando
676 2528 717 2595 ud
738 2528 882 2617 speciem
903 2528 1091 2616 aequiorem
1117 2522 1280 2595 deducere
1306 2528 1442 2596 studue-

283 2640 369 2695 runt.
409 2630 523 2715 ltaque
546 2631 787 2717 separationem
807 2630 880 2697 lieri
907 2630 1029 2697 debere
1055 2628 1141 2696 inter
1167 2652 1225 2707 eu,
1262 2653 1346 2716 quae
1375 2654 1441 2719 pu-

283 2730 364 2819 pillo
388 2754 408 2803 a
428 2741 519 2818 putre
541 2731 736 2799 obuenerint
754 2744 787 2799 et
808 2755 864 2810 ea,
886 2756 971 2819 quae
991 2731 1122 2799 aliunde
1133 2731 1245 2798 forsan
1264 2742 1340 2820 post
1351 2756 1443 2799 mor-

284 2844 350 2899 tem
382 2832 483 2921 putris
513 2833 718 2918 acquisierit,
749 2845 946 2913 statuerunt,
975 2856 1059 2920 quae
1081 2832 1164 2899 ratio
1188 2832 1341 2901 facillime
1366 2858 1442 2902 cum

283 2933 394 3020 legum
408 2933 590 3021 praeceptis
610 2936 717 3022 potuit
738 2936 933 3003 consociari.
983 2934 1119 3001 Acium
1148 2946 1324 3022 postquam
1358 2961 1442 3004 con-

284 3058 412 3103 cessum
423 3036 493 3114 luit,
515 3035 677 3124 pupillum
696 3038 818 3105 habere
837 3060 935 3125 posse
956 3038 1046 3104 bona
1063 3036 1199 3124 propria
1219 3060 1240 3104 a
1258 3038 1359 3125 putris
1380 3039 1442 3107 he-

283 3137 418 3204 reditate
441 3138 642 3225 separanda,
667 3140 790 3228 duplici
808 3139 908 3207 modo
928 3138 992 3205 hoc
1020 3136 1159 3225 amplius
1181 3139 1289 3206 excoli
1315 3142 1441 3229 potuit:

283 3239 424 3326 primum
444 3239 499 3317 ita,
522 3250 556 3305 ut
578 3242 712 3309 omnino
733 3241 851 3329 pupilli
884 3240 949 3307 illis
976 3239 1073 3307 honis
1102 3239 1309 3307 substitutum
1342 3243 1441 3311 here-

283 3339 358 3407 dem
392 3340 547 3408 exsistere
581 3365 648 3409 non
685 3343 805 3410 debere
841 3342 1108 3421 contenebretur,
1163 3341 1282 3410 deinde
1308 3344 1371 3425 ita,
1405 3359 1441 3412 ut

283 3452 409 3529 patrem
437 3442 570 3528 quidem
596 3444 637 3510 iis
671 3444 826 3513 heredem
856 3444 1016 3523 scribere,
1043 3467 1151 3531 neque
1172 3468 1252 3513 uero
1275 3470 1378 3515 onera
1397 3449 1440 3516 iia

318 3739 344 3806 Ι)
364 3743 441 3793 Hace
476 3750 678 3809 consequenter
710 3759 746 3797 ex
776 3746 835 3810 opi·
924 3744 951 3808 l)
969 3746 1263 3800 HvscmvsVoI.V1.
1275 3764 1301 3814 p.
1309 3746 1370 3801 stt.
1378 3749 1440 3803 389.

279 3834 363 3887 uicue
375 3835 458 3885 modo
466 3836 592 3899 expositu
598 3838 725 3900 progredi
738 3838 835 3890 rectis·
883 3844 948 3889 autu
960 3838 1032 3889 hunc
1047 3839 1214 3891 lvsrnuiur
1228 3841 1396 3893 decisionem
1404 3859 1439 3895 nc

279 3926 834 3981 simeindieuuitllvscnxrvsVol.V1.
883 3929 1085 3981 fidecommisso
1116 3931 1226 3996 quidem
1263 3935 1440 3987 substitutum

278 4018 386 4086 pets..
404 4020 453 4070 sed
468 4021 585 4085 negauit,
604 4036 668 4072 uere
684 4036 832 4087 progressa
885 4022 1044 4073 exheredati
1070 4025 1179 4075 onerari
1204 4026 1342 4091 potuisse,
1372 4042 1439 4078 con·

279 4127 351 4165 esse.
380 4112 570 4165 Viuonnoru
582 4114 774 4177 dubitationes,
785 4113 832 4180 qui
881 4116 977 4166 tendit.
1012 4115 1071 4166 Nos
1095 4116 1153 4167 eius
1179 4120 1346 4180 argumentis
1371 4134 1438 4169 neu-

275 4206 347 4256 hunc
370 4218 399 4255 sc
427 4204 651 4270 consequentiam
680 4206 831 4270 intelligere
880 4209 984 4273 tiquam
1002 4208 1186 4273 subscribere,
1212 4224 1262 4273 per
1279 4225 1309 4261 se
1326 4212 1439 4276 planum

275 4312 359 4363 posse
382 4302 465 4360 negat
480 4295 515 4346 A.
535 4312 561 4361 p.
579 4296 639 4351 22³.
659 4315 684 4352 n.
707 4298 756 4363 li,
771 4300 832 4365 ipsa
882 4308 933 4350 ast.
956 4300 1020 4351 ‘Gi
1041 4302 1257 4353 Vsucsuourvs
1274 4302 1309 4354 Δ.
1328 4318 1355 4367 p.
1368 4302 1436 4358 22⁴.

273 4396 368 4441 nostru
388 4389 496 4441 ratione
516 4390 675 4443 refutantur.
881 4407 909 4444 u.
927 4389 990 4444 lb..
