3067 5117
241 328 283 405 42

242 478 363 558 stitisse
391 489 556 559 heredem.
598 490 688 575 Quid
720 491 869 559 eueniet?
908 480 998 561 Fieri
1018 495 1134 581 'procul
1154 482 1256 562 dubio
1275 504 1397 583 potest,

242 605 369 663 utnon
401 614 492 661 suam
524 594 629 661 solum
667 593 879 663 herediteter'n
900 620 919 663 a
943 606 1034 684 patre
1056 607 1209 663 testatore
1230 607 1399 684 scccptem

242 698 377 765 coheres
402 698 592 764 substitutus
614 698 752 775 amittat,
773 722 888 765 uerum
908 698 1005 773 etiam
1025 707 1182 776 teneatur,
1202 710 1238 764 ut
1258 700 1333 786 plus
1355 698 1398 764 de

242 811 302 867 su'o
324 796 439 878 addat,
467 800 557 865 uelut
577 801 611 865 in
626 798 690 866 hoo
712 812 808 880 casu,
857 802 884 868 si
904 802 1049 886 utrisque
1067 800 1185 867 tabulis
1205 801 1279 887 plu's
1301 800 1398 889 dimi-

242 902 297 967 dia
316 909 383 967 tota
398 900 576 968 hereditate
595 902 739 989 legatum
759 906 811 981 sit,
832 903 968 971 coheres
990 915 1022 969 et
1041 902 1185 990 pupillus
1201 915 1242 968 er
1262 901 1400 967 semisse

242 1003 378 1068 instituti
398 1003 533 1082 fuerint,
556 1004 653 1069 semis
674 1003 792 1090 pupilli
814 1023 892 1071 essu
911 1006 1053 1091 perierit.
1065 1007 1116 1090 ὅθ)
1162 1006 1208 1070 Et
1226 1003 1290 1069 hoc
1310 1014 1399 1069 certe

242 1092 411 1192 negligere
433 1128 501 1171 nou
520 1104 632 1171 debuit
652 1104 885 1186 Hvsttmrrvs,
911 1109 967 1194 qui
992 1107 1107 1173 eadem
1135 1118 1231 1194 atquc
1259 1118 1323 1171 n‘os
1342 1116 1398 1170 re·

241 1207 331 1272 tione
350 1208 391 1273 L.
417 1209 465 1276 ll.
486 1208 517 1291 S·
541 1209 571 1274 5.
593 1206 784 1293 explicauit,
807 1208 861 1273 uel
883 1210 911 1274 si
930 1208 1099 1295 negligere
1118 1207 1234 1287 uoluit,
1255 1208 1290 1273 id
1310 1217 1399 1273 certe

242 1308 273 1373 ei
294 1308 500 1395 probandum
520 1308 596 1386 init,
619 1308 715 1375 etism
735 1308 770 1373 in
791 1308 853 1375 hac
873 1321 965 1396 parte
985 1310 1065 1375 iuris
1087 1310 1270 1376 cautionem
1292 1322 1399 1395 quon·

242 1410 317 1475 dam
338 1410 439 1475 luisse
461 1410 627 1489 usitatam,
658 1433 723 1498 qua
748 1422 828 1476 essu
847 1412 1067 1479 intercedente
1092 1410 1246 1477 coheredi
1266 1409 1401 1475 redeunti

241 1511 475 1577 consuleretur.
527 1513 571 1578 At
597 1523 677 1577 uero
704 1528 773 1576 non'
797 1512 933 1577 multum
956 1513 1130 1579 inhaere
1151 1512 1268 1577 melius
1290 1511 1400 1605 egisse

242 1633 299 1679 cos
334 1622 434 1699 puto,
474 1602 529 1697 qui
569 1612 603 1677 in
640 1614 716 1701 lege
759 1614 856 1681 citata
890 1614 1082 1681 retinuerint
1112 1612 1245 1699 quidem
1280 1633 1400 1678 uocem

242 1714 535 1801 „quadrente,“
558 1714 617 1781 sed
637 1715 701 1781 hoc
722 1724 830 1781 tsrncu
850 1731 928 1781 casu
947 1715 1220 1781 contributionern
1236 1712 1399 1800 presseri-

240 1816 379 1906 pserint:
414 1840 490 1881 nam
518 1816 615 1881 etietn
638 1816 702 1883 hoc
719 1816 867 1903 iniquum
889 1817 969 1897 tuit,
1001 1818 1081 1883 nihll
1101 1817 1241 1883 retinere
1260 1814 1397 1881 cohere-

241 1917 331 1996 dem,
359 1916 388 1983 si
407 1916 524 2005 pupilli
541 1918 576 1982 in
596 1915 774 1983 hereditate
794 1941 889 1985 casus
910 1918 1118 1985 interciderit.-

343 2020 388 2083 ut
421 2019 463 2084 ad
491 2018 575 2085 hene
607 2018 783 2105 praecipue
805 2012 1026 2085 difficultatem
1049 2020 1228 2086 tollendam
1250 2016 1399 2105 regulam
1470 2028 1482 2038 '

241 2120 403 2188 exstitisse
425 2120 580 2198 arbitror,
629 2120 899 2206 „legatorum
919 2119 1134 2187 rationem
1155 2134 1249 2187 esse
1272 2133 1397 2207 'sepa-

240 2223 463 2302 randam,“
496 2242 561 2307 quo
585 2221 670 2287 lecto
703 2220 842 2288 fidenter
875 2222 1054 2289 coheredes
1075 2222 1202 2309 pupillo
1236 2219 1401 2293 substituti

241 2347 332 2391 snam
372 2324 558 2411 portionem
589 2323 678 2389 adire
707 2334 860 2410 poterent
894 2324 1030 2411 eiusque
1061 2334 1148 2391 certe
1184 2322 1399 2411 quadrantem

241 2448 370 2515 semper
390 2426 546 2492 intectum
567 2422 740 2491 hebebant.

346 2528 441 2611 Quae
470 2548 569 2613 quum
594 2526 790 2613 generaliter
814 2527 1039 2593 Pronnrnrttr
1069 2537 1102 2593 et
1125 2528 1311 2594 Hvsomm
1342 2550 1397 2593 re-

239 2630 364 2696 tlonem
389 2628 602 2715 impugnent,
631 2627 728 2694 nobis
754 2627 809 2693 uel
834 2628 954 2695 iccirco
975 2630 1016 2695 eh
1040 2653 1080 2695 ca
1109 2642 1242 2715 prorsus
1266 2637 1317 2693 est
1338 2626 1397 2693 ab·

240 2730 443 2807 stinendnm,
472 2729 562 2816 quod
586 2728 705 2815 ubique
722 2730 891 2815 hueusque
911 2730 1068 2807 uidimus,
1097 2730 1209 2817 legata
1231 2749 1251 2794 a
1269 2727 1397 2815 pupillo

239 2833 353 2900 relicta
374 2853 540 2917 nunquam
568 2854 608 2897 ex
632 2830 770 2897 instituti
795 2830 965 2897 coheredis
992 2832 1145 2919 portione
1163 2832 1398 2898 incrementum

240 2952 374 3023 capere,
406 2934 495 3019 quod
516 2932 668 2999 facillime
688 2924 795 3020 possit
816 2926 906 3011 fieri,
936 2934 965 2997 si
988 2948 1105 2999 reuera
1130 2933 1195 3000 hoo
1216 2950 1295 3001 casu
1316 2955 1397 2998 con-

240 3037 371 3103 tributio
401 3046 487 3103 esset
513 3034 673 3102 faciende.
730 3036 843 3102 Penas
872 3034 976 3113 enirn,
1010 3044 1197 3101 testatorem
1227 3033 1400 3119 reliquisse

242 3136 384 3217 CCCC,
416 3158 457 3203 ex
478 3137 612 3203 semisse
635 3134 814 3201 instituisse
834 3134 957 3200 Titium
976 3158 1014 3201 ac
1035 3134 1157 3213 fllium,
1185 3134 1309 3200 Titium
1328 3134 1397 3200 filio

241 3238 463 3316 substituisse,
486 3264 506 3304 a
526 3238 615 3304 Titio
636 3238 766 3325 legasse
786 3238 898 3324 primis
920 3235 1038 3303 tabulis
1048 3236 1108 3314 X„
1130 3235 1283 3303 secundis
1298 3236 1396 3313 XX,

241 3368 261 3409 a
288 3341 415 3429 pupille
437 3337 527 3417 CO,
567 3338 804 3405 substitutionis
847 3338 1023 3406 exsistente
1060 3339 1250 3406 conditione
1292 3337 1401 3404 solida

242 3444 353 3511 omnia
372 3449 613 3528 praestarentur
632 3441 750 3530 legata.
766 3444 818 3523 ⁵¹)
870 3519 873 3526 ἱ

276 3745 321 3814 ⁵⁰)
346 3744 490 3813 Egregism
519 3747 650 3799 hebemus
680 3750 793 3801 hodite
842 3760 908 3810 pere
936 3762 995 3799 non
1019 3750 1145 3813 cogetur,
1183 3750 1234 3800 sed
1260 3749 1398 3800 heitom

239 3840 390 3895 sentenlirle
412 3841 566 3903 analogum
590 3840 618 3891 iu¹
637 3839 669 3893 L.
689 3838 731 3893 ot.
757 3840 794 3891 de
843 3840 985 3905 possessio
1005 3840 1185 3892 creditoribus
1203 3842 1307 3892 dethr.“

237 3941 297 4001 rtc'q.
316 3930 363 3985 uel
382 3928 661 4001 om.(xxv1111‚s.):
679 3930 727 3998 „st
744 3935 793 3985 trti-
881 3931 931 3999 ⁸¹)
948 3934 1031 3997 Quod
1039 3932 1253 3986 Vanenaomv's
1263 3934 1293 3985 P.
1301 3939 1328 3999 p.
1337 3932 1396 3987 ess,

238 4040 290 4081 nor
306 4026 385 4079 runis
403 4032 515 4091 postea,
542 4034 623 4092 quem
653 4030 689 4077 ert
712 4028 792 4092 parte
843 4026 994 4089 hermene
1010 4024 1074 4077 loco
1092 4019 1184 4077 offert:
1202 4026 1398 4078 maiimsmitt'r

237 4124 318 4172 heres
337 4119 454 4182 exstitit,
475 4119 504 4169 in
527 4118 662 4183 integrum
681 4118 790 4169 restss-
840 4116 912 4168 utne
926 4117 1095 4183 iniquitatem
1110 4121 1197 4183 poss&
1208 4118 1351 4183 timere,
1368 4122 1400 4170 at

237 4212 282 4263 ses
301 4213 358 4275 ess,
379 4210 473 4261 orus
491 4204 622 4263 ssvssvs
642 4212 791 4276 sensusne,
840 4211 954 4276 propter
979 4210 1107 4274 metus
1128 4192 1250 4275 reses
1268 4210 1398 4263 seusus

237 4308 268 4355 ut
293 4303 350 4369 eius
375 4301 459 4367 parts
486 4302 559 4355 &ntis
575 4299 691 4355 coheret
707 4303 792 4355 tusci·
841 4301 939 4355 nitriis
968 4301 1095 4355 relicturi
1125 4302 1304 4369 strumen
1336 4298 1399 4357 tarr<
