3067 5117
1191 418 1250 487 165

171 566 295 641 „Plane
325 566 353 631 si
382 590 468 631 unus
500 576 646 631 nostrum
673 567 707 630 in
737 566 901 632 communi
930 566 1004 631 loco
1034 566 1147 642 faciat,
1181 588 1249 631 non

171 690 307 751 possum
335 691 398 753 ego
425 669 535 733 socius
566 692 649 753 opus
680 690 804 732 nouum
829 668 858 733 01
888 667 1055 742 nuntiare,
1088 666 1146 729 sed
1175 689 1249 731 eum

171 768 352 853 prohibebo
374 770 539 833 communi
554 768 727 833 diuidundi
747 768 869 835 iudicio
885 770 939 834 uel
953 792 1012 853 per
1026 769 1249 833 Praetorem.“

95 883 123 933 et
153 869 398 934 eoncedendum
427 883 492 946 est,
530 869 593 935 boe
623 870 839 954 fragmentum
870 869 1010 953 aliquam
1040 880 1125 934 certe
1151 893 1248 955 argu-

96 972 188 1035 menti
208 971 352 1056 speciem
372 971 546 1055 praeferre.

187 1073 232 1135 At
254 1094 334 1136 uero
353 1073 560 1137 chunums
590 1070 695 1155 ipsam
719 1070 809 1135 illam
830 1072 1011 1139 STEPHAru
1034 1072 1250 1138 obiectionem

95 1173 248 1257 praeuidit
276 1183 308 1238 et
338 1172 483 1256 undique
512 1172 705 1247 illustrauit,
738 1170 809 1235 lieri
837 1194 908 1237 eam
935 1196 1003 1237 non
1033 1195 1152 1257 posse,
1187 1174 1250 1239 11111

94 1297 220 1359 prorsus
241 1296 395 1360 peruerse
426 1296 486 1357 per
514 1263 685 1337 interdicta
711 1278 818 1337 actum
843 1294 914 1337 esse
938 1283 1077 1340 statuere
1099 1276 1246 1343 uelimus.

94 1376 199 1459 ltaque
223 1376 257 1439 in
276 1376 317 1439 L.
338 1376 389 1440 21.
410 1397 460 1459 pr.
482 1374 522 1438 de
544 1374 587 1439 Ο.
608 1372 650 1437 N.
673 1373 736 1436 N.:

170 1474 359 1560 „stipulatio
379 1475 420 1539 de
444 1475 486 1540 Ο.
508 1475 550 1539 Ν.
571 1475 612 1538 Ν.
639 1473 804 1564 interponi
827 1472 927 1551 solet,
952 1476 1101 1559 quotiens
1123 1478 1249 1545 uicinus

163 1576 258 1650 dicit,
291 1576 343 1639 ius
367 1576 430 1641 sibi
452 1598 524 1640 esse
547 1573 721 1663 prohibere
751 1572 914 1650 uicinum,
948 1599 1031 1661 opus
1053 1601 1175 1643 nouum
1197 1582 1248 1644 in-

162 1677 234 1742 uito
257 1701 293 1742 se
313 1678 455 1752 lacere,“

94 1779 184 1843 uerba
204 1780 268 1843 ista
290 1777 409 1855 ‚,dicit‚
436 1778 486 1840 ius
515 1776 577 1840 sibi
600 1783 696 1840 esse“
719 1786 779 1840 etc.
802 1784 969 1841 externam
992 1786 1116 1845 tantum
1136 1779 1243 1846 inten-

96 1880 184 1945 tionis
215 1879 354 1943 formam
382 1878 518 1954 habere,
547 1898 664 1941 reuera
692 1876 733 1939 de
765 1876 837 1942 sola
858 1886 931 1940 ante
951 1878 1140 1944 Praetorem
1162 1881 1248 1946 affir-

93 1982 226 2045 matione
249 1989 339 2044 extra
362 1978 511 2043 ordinem
531 1977 616 2041 facta
636 1976 849 2065 intelligenda
870 1997 952 2041 esse.
979 1976 1030 2042 Cf.
1047 1980 1087 2045 L.
1112 1984 1139 2048 1.
1164 1985 1195 2069 3.
1216 1987 1246 2051 4.

96 2080 130 2145 de
151 2082 289 2147 remiss..

184 2181 313 2247 Contra
343 2204 440 2266 quam
462 2182 673 2245 chnnmnu
704 2180 864 2244 rationem
887 2181 1100 2250 Suurflnuvs
1129 2186 1243 2271 impri-
1359 2261 1363 2267 Ι

93 2282 144 2348 mis
166 2283 272 2349 attulit
300 2284 341 2347 L.
362 2286 392 2350 3.
413 2285 445 2366 3.
469 2284 496 2347 1.
519 2283 572 2347 011.
595 2282 737 2347 adiutam
765 2280 853 2346 haud
875 2283 996 2368 exiguo
1033 2280 1168 2347 aliarum
1194 2284 1242 2349 le-

93 2406 162 2467 gum
190 2386 358 2450 comitatu.
410 2385 478 2451 Sed
507 2384 541 2447 in
567 2383 608 2448 L.
635 2386 665 2449 3.
692 2384 723 2465 3.
756 2385 782 2447 1.
814 2382 925 2447 nescio
958 2406 999 2447 an
1027 2382 1130 2449 uerba
1158 2410 1247 2471 „per

20 2479 21 2488 ¹
91 2484 272 2552 Praetorem
282 2495 303 2524 “
341 2487 450 2571 quoad
470 2485 705 2551 Iustinianeum
727 2484 777 2547 ius
804 2507 938 2570 prorsus
962 2484 1139 2563 sufficiant,
1171 2488 1246 2555 licet

20 2643 21 2674 p
93 2598 177 2652 antea
208 2597 241 2651 et
268 2587 397 2653 ciuilem
424 2588 585 2652 actionem
617 2595 648 2650 et
677 2586 882 2651 interdictum
906 2586 945 2649 iis
970 2588 1245 2673 comprehendere

93 2686 179 2753 dictio
209 2689 323 2754 luisset
349 2688 513 2753 audacior.
563 2686 696 2771 Reliqui
718 2696 824 2751 autem
846 2686 912 2751 loci
939 2712 958 2752 a
981 2688 1173 2756 STuPHANO
1198 2692 1245 2756 al-

91 2787 139 2853 lati
159 2792 200 2855 ad
223 2811 323 2854 unum
345 2813 458 2855 omnes
481 2789 562 2853 nihil
582 2788 732 2874 probant.
775 2788 815 2851 L.
837 2789 865 2853 1.
887 2788 991 2871 317.
1016 2789 1056 2853 de
1076 2791 1118 2855 Ο.
1140 2792 1180 2856 N.
1202 2792 1244 2856 N.

91 2890 270 2977 simpliciter
292 2891 465 2977 proponit,
488 2914 561 2956 eum
585 2901 709 2955 tantum
730 2888 878 2952 nuntiare
901 2910 1011 2972 posse,
1035 2892 1091 2974 qui
1111 2892 1161 2955 ius
1185 2890 1244 2957 ba-

20 3003 21 3030 1
90 2988 169 3069 beat,
206 3016 288 3079 opus
315 3015 438 3057 nouum
460 2992 631 3057 inhibendi
655 3002 714 3055 etc.
740 2990 848 3074 itaque
877 3010 945 3053 non
967 2990 1124 3067 inuoluit,
1160 3016 1244 3070 eum,

92 3091 138 3172 qui
157 3093 365 3159 interdictum
385 3091 465 3158 uelit
486 3092 677 3176 impetrare,
712 3093 761 3155 ius
794 3113 887 3154 suum
917 3089 1114 3175 probibendi
1138 3094 1244 3158 statim

90 3194 284 3271 probare:
318 3195 377 3260 sed
406 3194 455 3257 ius
485 3202 610 3257 tautum
639 3192 799 3258 habere
835 3191 905 3276 [uel
932 3214 967 3256 se
988 3190 1108 3257 habere
1130 3203 1244 3279 putare

91 3289 126 3353 L·
145 3294 173 3359 5.
195 3295 227 3376 3.
252 3297 299 3361 1-1.
322 3295 363 3359 de
387 3294 431 3359 Ο.
452 3294 492 3357 Ν.
517 3293 575 3377 Ν.)
594 3294 724 3359 debere.

186 3396 229 3459 L.
252 3399 280 3462 1.
301 3398 332 3479 3.
354 3396 384 3461 11.
406 3394 446 3459 de
469 3394 512 3459 O.
533 3394 576 3458 N.
597 3394 639 3459 N.
661 3394 841 3459 rectissime
864 3395 1001 3472 dicitur,
1025 3394 1058 3457 in
1076 3394 1121 3459 O.
1141 3395 1181 3458 N.
1202 3395 1243 3459 N.

92 3514 145 3557 nos
172 3519 397 3582 possessorem
425 3496 532 3561 facere
566 3495 805 3573 aduersarium,
842 3496 959 3561 iccirco
996 3495 1136 3571 scilicet,
1169 3496 1245 3580 quia

20 3645 21 3684 3
90 3606 157 3675 post
179 3598 319 3663 edictum
340 3597 463 3661 editum
483 3608 596 3662 contra
617 3620 691 3661 eum
716 3606 752 3660 ut
772 3620 864 3662 reum
886 3620 982 3684 agere
999 3597 1165 3663 debemus.
1191 3598 1242 3663 Of.

90 3693 116 3775 3·
135 3699 183 3763 31.
206 3698 216 3761 1
239 3699 289 3762 11..
330 3701 437 3765 Porro
461 3699 565 3764 attulit
586 3699 628 3762 L.
651 3698 869 3781 13101111

164 3800 271 3877 „Inde
293 3800 458 3887 quaeritur
480 3801 567 3886 apud
590 3800 738 3865 CustM
768 3800 810 3863 L.
831 3799 910 3865 XII.
941 3800 1020 3885 Dig.
1051 3800 1078 3864 si
1100 3811 1176 3886 post
1198 3802 1241 3866 Ο.

161 3900 203 3965 Ν.
223 3902 266 3967 Ν.
288 3902 462 3968 conueniat
492 3901 570 3966 Tibi
601 3924 675 3965 cum
696 3898 905 3979 aduersario,
947 3912 982 3964 ut
1005 3924 1087 3987 opus
1109 3902 1241 3980 faceret,

165 4026 205 4066 an
226 4004 335 4069 danda
356 4004 397 4068 sit
418 4002 645 4068 conuentionis
669 4000 859 4087 exceptio.“

90 4098 298 4169 Praeteruidit
317 4106 550 4181 sisennus,
573 4126 656 4189 quae
678 4102 889 4168 antecedunt:

164 4204 232 4280 „Et
254 4219 350 4291 post
371 4206 415 4273 Ο.
436 4208 477 4272 Ν.
497 4208 539 4272 Ν.
560 4204 762 4272 committunt
791 4226 826 4268 se
855 4202 1035 4289 litigatores
1057 4207 1239 4291 praetoriae
1313 4213 1319 4223 '

164 4306 410 4373 iurisdietioni.“
517 4363 519 4367 .
