3067 5117
342 519 519 601 „Ceheres
542 519 703 609 impuberi
723 520 792 587 filio
821 520 915 589 datus
944 522 1054 611 legata
1077 544 1097 590 e
1119 522 1273 589 secundis
1298 520 1411 587 tabulis

341 624 454 691 relicta
474 622 610 709 perinde
631 623 824 709 praestabit,
847 647 886 691 ac
907 624 935 691 si
954 648 1035 711 pure
1054 635 1179 711 partem
1200 636 1233 692 et
1253 623 1314 689 sub
1335 646 1411 687 con·

341 725 464 791 ditione
485 736 609 811 partem
631 724 763 791 alteram
786 726 974 811 accepisset.
1021 726 1099 793 Non
1127 726 1216 793 idem
1237 724 1414 791 seruabitur

347 826 410 893 ulio
432 825 622 892 substituto:
651 850 726 893 nam
752 826 809 893 ille
843 827 1010 895 Falcidiae
1044 828 1204 895 rationem
1232 828 1412 903 induceret,

340 927 433 1016 quasi
454 925 551 1013 plane
576 928 635 995 sub
649 927 839 993 conditione
853 928 965 1015 primis
987 930 1105 997 tabulis
1125 929 1220 995 heres
1241 928 1412 1007 institutus,

343 1026 470 1095 tametsi
492 1029 631 1095 maxime
653 1028 789 1095 coheres
809 1028 969 1116 impuberi
995 1032 1063 1097 filio
1086 1031 1179 1097 datus
1203 1030 1412 1116 quadrantem

338 1132 501 1217 integrum
521 1130 690 1197 obtineret.
742 1130 829 1196 Nam
852 1143 884 1197 et
901 1154 974 1197 cum
996 1130 1140 1219 legatum
1159 1131 1273 1217 primis
1295 1130 1411 1195 tabulis

174 1312 179 1319 ι
338 1231 426 1299 Titio
440 1232 544 1312 datur,
567 1233 719 1301 secundis
735 1248 842 1300 autem
862 1233 980 1299 tabulis
1002 1234 1117 1299 eadem
1134 1255 1187 1299 res
1205 1232 1413 1318 Sempronio,

236 1386 240 1395 .
338 1334 553 1421 Sempronius
580 1334 777 1420 quandoque
797 1334 886 1401 Titio
910 1334 1106 1401 concurrit.“

360 1439 574 1503 Hvscnmvs
594 1435 737 1503 volvi.
761 1436 872 1522 psas.
894 1436 1081 1503 coniectura
1099 1436 1185 1502 lacta
1207 1458 1267 1523 pro
1294 1446 1412 1513 „tam-

258 1540 337 1609 etsi
384 1536 560 1603 maxime
604 1535 808 1603 coheres“
861 1536 941 1625 legit
992 1538 1189 1616 „tametsi
1237 1537 1413 1603 maxima

257 1642 424 1717 hercs‚“
447 1648 478 1703 et
498 1648 598 1704 totam
617 1637 701 1703 hanc
720 1638 830 1725 legem
850 1638 892 1703 ad
912 1638 953 1703 L.
978 1640 1025 1706 ll.
1047 1640 1079 1724 §-
1099 1642 1130 1707 5.
1154 1640 1197 1705 ad
1218 1640 1304 1725 Lag.
1324 1637 1412 1703 Falc.

257 1742 370 1810 refert:
398 1738 433 1803 id
455 1740 544 1824 quod
565 1739 657 1805 salua
680 1738 759 1805 tanti
781 1739 843 1805 uiri
863 1740 1051 1807 auctoritate
1073 1765 1141 1806 non
1164 1739 1414 1827 explicationem

257 1868 345 1923 esse,
368 1842 427 1909 scd
447 1842 654 1908 euitationem
674 1840 872 1907 difficultatis
899 1840 1055 1919 dixerim,
1083 1842 1160 1909 licet
1175 1842 1316 1909 libenter
1336 1865 1413 1907 con-

257 1948 366 2025 fitear,
396 1944 458 2011 hac
492 1942 719 2009 emendatione
745 1942 831 2009 iacta
846 1943 980 2031 egregie
1000 1945 1194 2011 sententiam
1213 1945 1413 2033 propositam

259 2050 301 2115 nd
318 2048 360 2113 L.
385 2048 432 2113 11.
453 2044 484 2130 §.
505 2044 535 2111 5.
558 2043 610 2109 cit.
639 2044 809 2129 quadrare.
859 2044 1121 2111 Vancsaovrvs
1141 2048 1182 2112 A.
1203 2071 1236 2134 p.
1257 2049 1329 2115 347.
1350 2057 1412 2111 tres

257 2151 352 2216 huius
375 2147 459 2235 legis
479 2157 587 2234 partes
605 2144 697 2229 quasi
719 2168 759 2211 ex
781 2168 847 2210 una
867 2145 1047 2233 eademque
1065 2148 1225 2215 sententia
1240 2145 1414 2235 principali

258 2250 298 2319 ab
335 2248 427 2315 initio
464 2246 628 2333 exposita,
670 2268 975 2333 „quaecunque
1005 2248 1217 2324 secundis
1259 2247 1411 2315 tabulis

256 2363 378 2442 pater
416 2348 635 2427 statuerit,
666 2348 816 2433 primis
848 2349 922 2415 sub
962 2350 1214 2419 conditione
1249 2359 1416 2417 statuta

257 2476 351 2523 esse
373 2450 509 2519 uideri
517 2456 559 2529 ,“
580 2449 732 2517 facillime
753 2451 930 2537 consequi,
950 2450 1059 2538 itaque
1077 2450 1141 2517 hoc
1160 2451 1235 2517 loco
1257 2449 1412 2535 deinceps

256 2553 403 2631 tractari,
434 2552 648 2639 comprobare
681 2546 804 2625 studet,
839 2561 871 2615 et
906 2552 1120 2639 paraphrasin
1158 2550 1291 2619 exhibet
1323 2572 1413 2617 suam

255 2656 360 2743 magis
384 2678 482 2741 quam
499 2656 692 2721 Parmam
713 2652 946 2739 cogitationem
970 2654 1122 2719 olentem.

357 2756 611 2823 Psoanraulvs
645 2777 678 2841 p.
698 2756 749 2821 75.
782 2776 824 2819 ex
850 2753 1015 2840 prioribus
1035 2756 1145 2823 uerbis
1168 2755 1295 2821 deriuat
1315 2779 1412 2843 regu·

254 2858 337 2935 lam,
374 2856 519 2923 omnium
553 2856 736 2944 legatorum
767 2878 840 2921 csse
877 2856 1150 2923 contributionem
1176 2855 1362 2923 faciendam
1381 2865 1414 2923 et

216 2996 223 3007 ·
254 2982 352 3027 unam
372 2957 492 3024 deinde
515 2982 556 3025 ex
577 2969 712 3044 utraque
735 2956 888 3045 portione
911 2959 1085 3025 coniuncta
1104 2952 1286 3023 Falcidiam
1308 2956 1410 3023 dadu-

253 3060 400 3137 cendam,
422 3059 457 3124 in
470 3060 680 3145 sequentibus
702 3071 810 3125 autem
839 3058 880 3126 de
902 3060 966 3126 alio
990 3083 1086 3145 quam
1106 3057 1268 3125 coherede
1291 3057 1411 3124 substi-

252 3174 320 3229 tuto
354 3161 419 3227 dici
451 3173 482 3227 et
515 3160 561 3226 ibi
590 3183 720 3245 quoque
741 3161 1014 3228 contributionem
1034 3159 1212 3247 praescribi
1232 3158 1410 3233 contendit,

252 3263 338 3329 unde
359 3263 527 3350 egregiam
557 3262 720 3346 quandam
751 3263 995 3351 oppositionem
1015 3262 1099 3329 inter
1120 3262 1201 3328 duas
1221 3262 1282 3329 has
1303 3272 1410 3348 partes

252 3365 422 3440 exsistere,
453 3362 720 3431 animaduertisse
744 3365 808 3432 sibi
830 3365 970 3433 uidetur.

354 3464 421 3529 Alii
444 3463 546 3529 aliter.
598 3464 668 3529 Nos
702 3467 825 3532 nemini
861 3490 975 3533 eorum
1006 3466 1210 3532 subscribere
1231 3462 1409 3549 potuimus,

250 3567 348 3633 immo
371 3588 491 3631 nouam
511 3587 645 3651 prorsus
671 3566 759 3633 uiam
783 3568 959 3635 ineundam
981 3590 1053 3634 esse
1073 3578 1236 3654 putamus.

355 3667 456 3751 Quod
490 3680 663 3752 antequam
694 3666 872 3747 faciamus,
915 3669 1055 3757 primum
1094 3665 1309 3755 repetendum
1349 3674 1408 3743 est,

248 3780 335 3835 recte
357 3769 506 3835 statuisse
529 3769 633 3835 uideri
654 3770 935 3849 Psoanmmvra,
954 3770 1035 3835 nihil
1055 3770 1188 3836 omnino
1211 3768 1347 3835 attinere
1370 3766 1409 3831 ad

249 3892 359 3935 casum
387 3880 553 3948 nostrum,
586 3880 692 3937 utrum
723 3871 837 3957 primis
859 3872 977 3939 tabulis
999 3873 1109 3959 legata
1129 3872 1194 3937 sint
1215 3867 1331 3935 relicta
1348 3889 1409 3933 nec
1482 3869 1485 3875 ’

247 3993 301 4036 ne.
340 3972 390 4036 Ac
412 3970 478 4037 iam
499 3971 691 4057 paraphrasi
711 3972 880 4039 interiecta
896 3973 1005 4039 locum
1025 3973 1279 4063 explicabimus:

352 4071 523 4152 „Coheres
552 4072 714 4160 impuberi
741 4074 810 4140 filio
840 4074 933 4141 datus
956 4074 1127 4161 eidemque
1147 4074 1338 4141 substitutus
1359 4072 1407 4138 le·

248 4186 325 4263 gata
346 4198 363 4241 e
382 4175 581 4241 secundis
602 4175 761 4241 tabulis
783 4176 938 4243 relicta
970 4175 1070 4259 (bene
1090 4177 1292 4253 notandum,
1319 4172 1408 4259 quod

247 4275 312 4341 iarn
324 4275 453 4362 saepius
465 4276 587 4341 dictum
599 4286 658 4354 cst,
679 4276 720 4341 de
732 4276 812 4341 solis
822 4276 939 4363 legatis
953 4299 972 4343 e
986 4278 1138 4345 secundis
1151 4277 1270 4345 tabulis
1287 4275 1408 4343 relictis
