3067 5117
1200 360 1242 427 37

21 584 22 587 ¹
96 504 166 592 pillo
197 503 312 571 relicta
341 528 506 592 nunquam
538 506 687 573 adiuuari
707 506 859 594 portione
882 507 1045 575 substituti
1065 508 1239 596 principali

21 600 22 663 3
97 608 178 685 dicit,
205 607 283 673 dum
306 607 415 694 legata
436 609 588 700 secundis
610 609 728 676 tabulis
750 609 864 676 relicta
884 611 981 677 etiam
1001 612 1043 676 de
1065 633 1125 675 suo
1143 632 1239 696 prae·

96 720 168 775 stare
187 708 319 787 debeat,
351 709 396 774 ite
416 709 568 795 quidem,
603 723 638 777 ut
661 712 802 799 primum
828 712 1068 779 confundantur
1089 711 1198 798 legata
1219 736 1239 777 a

95 810 204 898 pupillo
238 822 270 876 et
302 810 454 876 secundis
488 811 606 879 tabulis
629 813 742 879 relicta
764 823 796 877 et
815 836 882 881 una
900 814 978 880 inde
1000 812 1151 879 Falcidia
1171 836 1235 900 pu-

94 913 201 999 pillaris
221 910 384 999 portionis
405 924 556 1000 respectu
575 913 686 980 habito
709 912 909 994 detrahatur,
942 913 1061 981 deinde
1081 913 1191 1001 legata
1218 937 1236 980 e

21 1088 22 1091 Ἴ
94 1012 228 1079 secundis
245 1012 366 1079 tabulis
386 1012 509 1092 relicta,
531 1025 711 1103 augeantur
732 1016 883 1101 portione
903 1015 1077 1103 principali
1099 1016 1235 1082 cohere-

94 1114 147 1192 dis,
177 1113 230 1179 uel
252 1114 282 1179 ei
302 1137 371 1179 non
392 1113 469 1179 satis
491 1114 526 1180 in
548 1140 587 1183 ea
609 1116 808 1203 superfluum
837 1118 896 1196 sit,
930 1116 1085 1205 quicquid
1122 1140 1236 1183 eorum

91 1226 153 1303 post
167 1218 306 1302 primam
334 1216 607 1284 contributionem
640 1216 850 1305 superfuerit,
882 1242 993 1285 rursus
1020 1217 1236 1285 confundatur

92 1341 152 1382 cum
171 1316 288 1404 legatis
311 1342 332 1383 a
353 1316 514 1384 coherede
535 1318 648 1405 primis
670 1317 788 1383 tabulis
807 1318 927 1385 relictis
961 1330 993 1386 et
1021 1320 1118 1385 huius
1139 1320 1236 1385 etiam

90 1418 232 1505 portionis
256 1439 337 1483 suae
359 1428 506 1503 quartam
531 1421 698 1485 sustitutus
719 1418 867 1487 retineat.
892 1421 932 1487 P.
953 1444 987 1508 p.
1007 1422 1091 1499 482,
1114 1421 1156 1488 ed
1175 1422 1234 1489 Vl.

89 1522 205 1605 pout,
226 1522 269 1587 A.
290 1521 425 1608 pets..

176 1624 291 1709 Itaque
314 1622 376 1689 hac
397 1623 523 1689 ratione
550 1623 683 1691 inducta
708 1626 815 1691 Titius
835 1623 968 1691 habebit
989 1623 1235 1692 CLXXXVII.

89 1737 115 1789 et
131 1725 315 1802 dimidium,
338 1725 487 1811 legatarii
506 1726 623 1813 pupilli
646 1724 754 1794 CXII.
786 1737 819 1792 et
838 1726 1027 1804 dimidium,
1047 1725 1165 1813 reliqui
1186 1726 1236 1792 le-

89 1827 188 1913 gatarii
209 1825 320 1892 solida
340 1826 450 1913 legata
473 1826 642 1913 accipient.

178 1928 240 1993 His
258 1927 360 2015 igitur
382 1927 550 2014 expositis,
569 1939 604 1994 ut
626 1929 765 1995 breviter
789 1928 934 2016 singulas
952 1926 1098 1992 uirorum
1118 1926 1234 1993 docto-

88 2052 146 2095 rum
164 2028 343 2097 sententias
365 2028 581 2107 illustremus,
618 2052 754 2095 neccsse
787 2029 856 2096 erit.
906 2030 983 2112 Qua
1014 2028 1048 2093 in
1084 2050 1120 2093 re
1139 2028 1234 2095 facile

21 2182 22 2187 ,
88 2141 127 2195 est
145 2130 330 2208 intellectu,
364 2152 478 2196 omnes
507 2152 564 2197 eos
590 2132 686 2198 certis
709 2130 906 2217 quibusdam
927 2130 986 2194 niti
1005 2129 1119 2216 legum
1137 2152 1233 2217 prae-

21 2248 22 2323 }
89 2230 214 2317 scriptis,
251 2231 313 2297 sed
343 2229 520 2317 plerosque
554 2254 622 2299 non
662 2233 788 2311 omnia,
826 2253 910 2319 quae
943 2230 1008 2297 huc
1040 2230 1234 2319 pertineant,

89 2332 262 2399 contulisse.

177 2435 222 2520 1.)
246 2434 464 2502 STEMANst
487 2435 603 2523 igitur,
628 2434 705 2501 dum
727 2433 907 2501 rectissime
924 2432 1053 2511 statuit,
1075 2432 1232 2499 substitu-

88 2544 143 2599 tum
172 2534 283 2623 legata
321 2538 473 2603 secundis
508 2537 626 2603 tabulis
646 2537 759 2603 relicta
791 2558 850 2601 suo
878 2534 1013 2599 nomine
1034 2533 1079 2599 ita
1099 2532 1231 2608 debere,

87 2648 115 2699 ut
131 2636 156 2701 si
174 2636 273 2703 nimis
290 2636 435 2725 legatum
456 2639 561 2717 merit,
585 2662 714 2725 semper
729 2636 941 2725 quadrantem
959 2645 1083 2701 tantum
1097 2632 1234 2699 retineat

86 2737 169 2803 totius
189 2737 381 2805 hereditatis
406 2740 446 2805 ad
467 2740 575 2827 ipsum
594 2740 834 2825 perueniantis,
863 2739 898 2803 in
918 2760 957 2804 eo
980 2736 1115 2811 errauit,
1143 2731 1233 2819 quod

87 2838 188 2925 pupilli
207 2840 319 2927 legata
338 2864 473 2928 prorsus
496 2841 670 2927 separatim
681 2840 920 2906 consideranda
941 2862 1013 2905 esse
1028 2834 1233 2905 existimauit.

85 2939 147 3005 Hoc
177 2941 267 3006 euim
293 2940 434 3029 ¹regulae
466 2940 613 3029 generali
644 2942 685 3005 L.
709 2942 756 3009 ll.
789 2942 821 3026 §.
842 2943 873 3008 5.
907 2940 1070 3007 exhibitae
1096 2936 1229 3002 omnino

85 3053 248 3129 repugnat,
278 3065 342 3129 qua
364 3044 459 3109 certis
486 3043 595 3109 uerbis
614 3042 861 3129 praescribitur,
894 3054 930 3108 ut
957 3036 1152 3108 contributio
1176 3034 1234 3100 hat

86 3141 254 3231 legatorum
276 3169 295 3210 a
314 3144 442 3233 pupillo
466 3155 498 3211 ct
518 3144 669 3211 secundis
693 3143 812 3210 tabulis
833 3144 1030 3210 relictorum.

175 3247 223 3332 2.)
247 3244 423 3314 Cvraclvs
451 3269 469 3312 e
499 3247 660 3312 contrario
688 3247 773 3333 legis
802 3246 917 3311 citatae
946 3245 1105 3311 rationem
1133 3240 1230 3307 nimis

87 3346 226 3414 excolens
253 3371 427 3435 perperam
455 3340 680 3435 praeteriridit‚
711 3347 802 3434 quod
828 3348 871 3412 L.
892 3348 943 3414 41.
971 3347 1003 3431 S.
1026 3345 1057 3413 6.
1077 3344 1118 3411 de
1137 3344 1229 3431 uulg,

87 3455 112 3509 et
126 3470 199 3535 pnp.
224 3470 415 3537 expressum
434 3449 586 3537 legimus,
616 3446 811 3514 coheredem
839 3448 1001 3534 impuberi
1028 3447 1096 3512 filio
1119 3446 1230 3513 datum

84 3545 178 3634 legata
198 3574 216 3617 e
240 3551 392 3619 secundis
413 3551 531 3617 tabulis
553 3550 666 3617 relicta
684 3548 821 3635 perinde
842 3560 1019 3635 praestare,
1041 3571 1079 3615 ac
1100 3548 1130 3613 si
1145 3570 1228 3634 pure

86 3662 196 3731 partem
226 3664 258 3719 et
286 3652 346 3719 suh
377 3652 565 3719 conditione
590 3662 715 3739 partem
743 3650 877 3717 alteram
907 3649 1097 3736 accepisset.
1157 3647 1227 3717 Sed

87 3771 173 3835 quum
193 3776 325 3833 omnes,
347 3754 403 3841 qui
424 3752 509 3821 hanc
532 3754 725 3821 sententiam
745 3750 921 3819 defendant
947 3750 989 3815 ad
1013 3750 1059 3815 L.
1076 3752 1126 3817 11.
1147 3751 1179 3836 S
1195 3752 1227 3817 7.

86 3852 120 3915 ad
136 3854 217 3944 Leg.
239 3855 329 3921 Falc.
353 3856 447 3939 quasi
468 3866 633 3922 auctorem
653 3865 853 3942 prouocent,
880 3875 963 3939 opus
991 3852 1068 3930 erit,
1091 3863 1127 3917 ut
1153 3874 1226 3917 sae-

85 3952 146 4037 pius
165 3954 229 4023 iam
249 3966 463 4023 memoratum
482 3955 568 4021 hunc
586 3957 696 4023 locum
715 3956 830 4043 paucis
842 3954 1005 4043 explicare
1027 3954 1228 4027 studeamus:

154 4058 374 4142 „Quaesitum
404 4069 473 4137 est,
503 4059 620 4147 siquis
639 4057 764 4145 pupillo
786 4057 980 4123 coheredem
1000 4055 1230 4134 substituisset,

154 4159 426 4244 quemadmodum
457 4160 542 4249 legis
577 4160 745 4226 Falcidiae
777 4159 861 4224 ratio
888 4158 1011 4243 inquiri
1037 4155 1168 4234 debeat,
1197 4168 1230 4221 et

156 4260 249 4344 quale
283 4272 351 4342 est,
388 4262 477 4349 quod
512 4262 614 4349 uulgo
651 4261 826 4339 diceretur,
862 4259 1048 4349 legatorum
1070 4259 1230 4327 rationem
