3067 5117
5 4015 14 4212 ἰ

1222 360 1280 428 117

2 499 4 566 ἓ
117 506 196 573 huie
217 506 293 572 loeo
316 504 443 583 inesse,
475 516 507 571 et
527 501 668 592 ‘propter
700 506 843 592 speciem
866 510 1104 575 aMAnanLo
1126 511 1279 597 proposi-

117 617 202 684 tam,
232 606 318 671 male
348 605 388 670 ab
417 606 568 671 omnibus
590 608 624 671 in
645 608 686 671 L.
710 610 758 674 11.
781 609 812 691 §.
835 610 865 675 6.
889 610 930 674 ad
952 610 1036 695 Leg.
1053 610 1144 675 Falo.
1177 610 1277 675 inter-

2 757 3 762 1
117 705 282 794 pretanda
302 728 377 772 eum
398 730 471 774 esse
494 708 734 773 consideratum
753 710 907 775 uidimus.
958 712 1075 797 Neque
1096 722 1203 777 tamen
1226 712 1277 775 in-

116 808 217 883 fitior,
243 808 298 873 nel
320 807 383 893 ipsi
403 806 479 874 huie
508 809 765 895 interpretationi
796 811 911 876 subiici
941 812 1116 897 quidquam
1147 812 1276 891 debere,

116 908 210 993 qnod
228 909 262 972 in
284 908 358 994 lege
379 918 491 975 nostra
508 909 636 976 disertis
657 912 766 977 uerbis
790 936 856 977 non
873 912 1043 978 indicatur.
1086 912 1154 980 Sed
1177 936 1276 998 quum

1 1021 4 1038 ³
117 1021 247 1075 ceterae
270 1032 384 1074 omnes
405 1012 640 1096 explicationes
659 1024 692 1077 et
711 1013 803 1099 ipsae
825 1010 888 1077 hoe
909 1011 989 1076 uitio
1012 1011 1171 1090 laborent,
1193 1014 1274 1079 haec

2 1119 4 1182 t
114 1133 156 1175 eo
178 1119 340 1195 praestat,
364 1112 453 1195 quod
473 1135 608 1198 prorsus
630 1133 743 1179 sanam
764 1113 905 1199 denique
927 1114 1119 1180 sententiam
1140 1115 1231 1181 eruit.

647 1730 679 1811 a.
698 1731 746 1798 12.

173 1922 212 1973 SI
230 1922 438 1977 ARROGATO
460 1924 729 1975 SVBSTITVTVM
747 1926 901 1988 FVER1T‚
927 1926 1219 1988 QVEMADMODVM

426 2029 544 2083 RATIO
561 2030 767 2083 FALCIDIAE
785 2032 961 2083 INEATVR.

220 2228 258 2296 Si
279 2240 412 2296 testator
433 2243 585 2317 arrogato
606 2232 674 2297 filio
695 2232 899 2319 pupillariter
922 2231 1138 2307 substituerit,
1163 2230 1272 2295 omnia

112 2330 267 2414 quidem,
298 2354 382 2416 quae
407 2330 504 2397 huius
530 2356 573 2399 ex
599 2333 694 2398 bonis
714 2333 755 2398 ad
779 2343 965 2419 arrogatum
987 2332 1089 2397 filium
1110 2354 1270 2417 peruene-

109 2430 193 2508 rint,
215 2454 276 2517 pro
297 2434 355 2509 iis,
376 2456 458 2519 quas
477 2434 645 2521 hueusque
665 2434 775 2500 loeum
795 2434 915 2499 habere
937 2433 1119 2510 docuimus,
1141 2432 1265 2517 regulis

111 2530 146 2595 in
168 2533 330 2598 rationem
351 2535 519 2601 Falcidiae
547 2535 766 2613 deducentur,
799 2535 857 2601 sed
887 2534 988 2619 ipsius
1017 2532 1160 2619 arrogati
1184 2532 1272 2597 bona

111 2632 319 2699 non-eodem
337 2635 436 2701 modo
456 2636 634 2701 substitutis
655 2636 859 2712 deferuntur,
890 2635 989 2699 immo
1012 2632 1054 2699 ad
1076 2632 1157 2699 alios
1182 2656 1273 2699 arro-

111 2733 181 2818 gati
199 2733 338 2799 heredes
359 2738 531 2822 pertinent.
579 2738 618 2803 Id
647 2738 737 2822 quod
766 2736 955 2819 exprimitur
984 2736 1025 2800 L.
1049 2736 1096 2803 10.
1118 2736 1149 2819 3.
1172 2736 1205 2803 6.
1230 2734 1271 2799 de

111 2834 204 2921 uulg.
228 2844 260 2901 et
279 2859 370 2923 pup,
397 2861 461 2924 qua
481 2839 578 2905 simul
607 2838 780 2915 doeemur,
802 2836 957 2923 quidnam
979 2845 1109 2923 epatre
1136 2858 1271 2920 arroga-

109 2947 182 3003 tore
202 2937 246 3002 ad
264 2938 368 3004 filium
387 2940 538 3008 uideatur
557 2939 767 3027 peruenisse:

191 3056 254 3134 „In
274 3068 426 3145 arrogato
456 3069 587 3146 quoque
615 3058 784 3145 impubere
811 3056 966 3133 dioimus,
999 3055 1040 3122 ad
1056 3054 1270 3120 substitutum

190 3156 260 3223 eius
282 3158 323 3223 ab
345 3166 532 3242 arrogatore
553 3159 663 3225 datum
685 3183 751 3224 non
775 3158 895 3225 debere
917 3158 1078 3244 pertinere
1101 3179 1161 3232 ea,
1186 3177 1268 3239 quae

189 3256 339 3337 haberet,
369 3258 398 3324 si
417 3269 586 3345 arrogatus
611 3283 678 3324 non
698 3272 799 3337 esset,
827 3258 885 3323 sed
907 3282 946 3323 ea
968 3258 1056 3337 sola,
1087 3278 1170 3342 quae
1198 3256 1269 3340 ipse

190 3357 222 3423 ei
249 3358 340 3426 dedit
368 3369 555 3446 arrogator,
588 3360 651 3424 nisi
676 3361 758 3426 forte
785 3360 1037 3445 distinguimus,
1062 3370 1097 3423 ut
1124 3368 1270 3443 quartam

191 3459 341 3544 quidem,
370 3483 467 3547 quam
497 3462 686 3528 omnimodo
718 3485 759 3527 ex
787 3461 943 3547 rescripto
970 3462 1059 3526 DIVI
1078 3460 1136 3526 ΡΠ
1159 3458 1270 3523 debuit

189 3559 222 3625 ei
240 3561 442 3648 relinquere,
460 3563 650 3630 substitutus
670 3562 790 3628 habere
822 3584 889 3627 non
916 3563 1039 3648 possit,
1070 3560 1269 3647 superfluum

188 3660 317 3726 babeat.
346 3665 542 3732 Scfflvom
563 3677 671 3732 tamen
688 3665 763 3730 Lib.
776 3664 823 3729 X.
847 3664 982 3747 Quaest.
1007 3672 1108 3748 putat,
1130 3661 1183 3727 uel
1204 3661 1267 3726 hoo

189 3766 370 3849 arrogatori
391 3766 660 3852 permittendum,
684 3789 767 3853 quae
792 3764 951 3831 sententia
971 3762 1070 3829 habet
1090 3763 1267 3829 rationem:

187 3887 251 3950 ego
274 3866 372 3932 etiam
394 3862 532 3953 amplius
554 3878 652 3955 puto,
681 3880 714 3934 et
733 3868 761 3931 si
784 3866 862 3953 quid
884 3865 1044 3931 beneficio
1068 3864 1266 3951 arrogatoris

189 3965 384 4051 aequisiuit,
407 3969 539 4036 ethaeo
560 3970 769 4036 substitutum
791 3988 890 4055 posse
910 3966 1055 4044 habere,
1079 3977 1191 4053 utputa
1214 3991 1266 4033 ar-

187 4050 351 4154 rogatoris
374 4072 496 4137 amiens
519 4072 573 4139 uel
593 4064 752 4157 cognatus
775 4070 806 4135 ei
826 4068 948 4154 siiquid
968 4068 1131 4154 reliquit.“

110 4170 164 4237 Of.
185 4171 228 4235 L.
248 4171 300 4240 22.
321 4173 353 4257 §-
378 4173 407 4239 1.
428 4174 469 4239 de
491 4173 601 4259 adopt.
625 4174 665 4255 (I,
685 4175 742 4255 7.).
