3067 5117
287 410 346 479 164

289 575 321 629 et
340 582 504 629 rsaunvu
525 586 558 629 ιι.
577 564 783 633 563-565.;

437 664 495 749 „‘H
516 672 578 753 μὲν
601 671 668 758 γὰρ
694 667 829 739 οδτιλία
852 696 902 747 τις
928 672 1123 749 δανεισταῖς
1146 674 1321 760 διδομένη,

433 763 483 839 Ἥ
505 770 543 837 δδ
569 777 805 862 νομφεσσορλα
830 797 899 857 τις,
922 766 941 859 ἢ
967 774 1003 841 δὲ
1027 782 1218 864 νεγατορία,

433 864 484 939 ‘H
506 873 552 939 δὲ
574 880 878 963 προλβιιορία
900 898 968 955 τις,
996 868 1015 963 ἦ
1040 876 1078 943 δε
1104 877 1316 947 σπανιαλλαίῑ
1337 886 1395 943 ete.

290 986 347 1051 ubi
367 988 582 1061 Bosovarvs
604 998 694 1055 notat
714 988 756 1054 ad
777 1012 809 1053 u.
828 990 919 1057 oct:

370 1088 538 1164 „actiones
559 1090 593 1154 in
614 1112 682 1153 rem
705 1100 834 1155 enarrat
856 1087 970 1155 ordine
990 1088 1189 1168 litterarum,
1216 1100 1251 1155 ut
1279 1092 1314 1158 in
1338 1091 1444 1157 Gloss.

370 1198 493 1276 Basil.,
515 1204 572 1273 ubi
601 1202 926 1287 ,προῖβιτορλα
964 1194 1068 1285 ἤγουν
1105 1201 1293 1287 κωλυτικὴ,
1338 1202 1445 1267 natta

370 1313 458 1366 ονσα
486 1296 526 1363 τὸ
551 1299 730 1385 γινόμενον
754 1300 803 1375 εἷς
828 1301 987 1385 βλάβην.“

291 1412 345 1475 Ex
364 1409 414 1474 his
438 1409 567 1475 Glossis
592 1412 799 1479 Zacnnnms
819 1412 998 1478 rectissime
1023 1414 1178 1492 coniecit,
1200 1438 1268 1480 non
1291 1418 1447 1484 Senens-

290 1532 368 1577 uvu
389 1512 513 1590 solum,
547 1512 606 1577 sed
633 1512 715 1578 alios
747 1537 878 1599 quoque
906 1514 1145 1581 iureconsultus
1177 1518 1381 1603 Byzantinos
1410 1519 1446 1582 de

290 1612 352 1678 hac
373 1613 501 1679 actione
524 1614 670 1679 sciuisse.

396 1712 560 1797 Equidem
589 1712 640 1778 bis
661 1714 872 1781 chnnmnn
904 1716 985 1782 locis
1016 1717 1095 1782 noui
1122 1718 1203 1783 nihil
1233 1718 1356 1785 addere
1376 1743 1449 1805 pos-

290 1836 372 1890 sum,
395 1825 622 1899 praeterquam
649 1815 738 1898 quod
762 1819 796 1883 in
819 1818 970 1883 Basilicis
993 1815 1122 1882 rubrica
1141 1816 1241 1883 tituli:
1265 1822 1318 1897 „si
1349 1823 1445 1887 serui-

291 1927 342 1980 tus
363 1914 546 1979 uindicatur
568 1913 621 1978 uel
644 1915 685 1979 ad
705 1918 803 1984 alium
825 1919 988 2007 pertinere
1012 1926 1191 2002 negetur“,
1212 1918 1295 1986 haee
1317 1932 1381 1986 est:

392 2018 490 2099 .,Ἐδν
526 2021 665 2089 δουλεία
698 2022 891 2113 indiuisus,
922 2024 942 2114 ἢ
969 2024 1050 2115 παρ’
1075 2024 1182 2092 ἄλλον
1210 2030 1229 2113 ι)
1256 2020 1445 2117 ἁρμόζουσα

391 2124 648 2209 καλδηται.“
670 2129 764 2211 (Bas.
786 2132 827 2195 L.
848 2130 979 2207 LVIII,
1022 2129 1068 2210 5.)

289 2249 321 2305 et
335 2239 465 2304 rubrica
479 2238 575 2303 tituli:
599 2238 649 2315 „si
664 2237 864 2302 ususfructus
887 2247 1014 2323 petetur
1032 2236 1086 2301 uel
1109 2234 1148 2301 ad
1174 2235 1273 2301 alium
1289 2240 1445 2325 pertinere

289 2348 467 2427 negetur“:

388 2449 471 2529 ,βὰν
493 2445 612 2536 χρῆσις
635 2443 778 2535 καρπῶν
804 2444 995 2533 deuteriam
1007 2496 1017 2527 ‚
1042 2440 1061 2533 ἢ
1087 2444 1123 2520 ἐξ
1149 2444 1446 2537 dilectantibus

391 2549 648 2633 κωλδηται.“
674 2548 765 2636 (Bas.
789 2546 884 2621 XVI,
906 2546 962 2627 6.),

289 2686 366 2728 uere
387 2674 495 2728 tamen
515 2662 606 2747 leges
627 2661 823 2745 glossaeque
856 2656 972 2721 allatae
996 2654 1037 2718 ad
1062 2654 1257 2721 euidentiam
1282 2661 1439 2736 euincunt‚

287 2764 534 2850 prohibitoriam
547 2762 709 2847 quandam
729 2758 900 2823 formulam
922 2757 1011 2819 iuxta
1025 2756 1227 2840 rogatoriam
1241 2760 1442 2837 usuucnissc,

289 2887 372 2951 quac
403 2863 514 2928 nescio
544 2886 585 2927 an
617 2883 818 2925 summorum
841 2880 926 2921 nunc
949 2856 1244 2921 iureconsultorum
1267 2861 1442 2925 communis

288 2967 330 3031 sit
351 2963 521 3031 sententia.
575 2960 672 3027 Certe
698 2970 905 3048 agnouorunt
931 2956 1015 3021 hanc
1042 2961 1202 3023 actionem
1223 2960 1443 3026 Senniurms

209 3116 212 3121 -
285 3093 318 3154 p.
341 3066 421 3141 161,
449 3066 711 3132 Vanenaovrvs
734 3063 785 3146 (in
815 3058 1011 3125 editionibus
1036 3070 1111 3143 post
1131 3062 1172 3124 A.
1201 3061 1304 3141 1844.)
1327 3064 1357 3146 b.
1379 3066 1441 3130 353.

287 3193 320 3232 n.
346 3171 374 3235 1.
403 3168 424 3231 i.
446 3168 467 3229 i.
503 3176 534 3230 et
566 3186 711 3229 summae
743 3164 777 3227 in
806 3161 856 3226 his
889 3158 986 3223 rebus
1008 3158 1228 3225 diiudicandis
1250 3164 1441 3227 auctoritatis

287 3270 338 3334 uir
357 3286 543 3335 RELLERVS
564 3290 596 3351 p.
620 3266 699 3331 119..

387 3370 431 3434 At
451 3378 564 3434 contra
581 3367 797 3431 Zscflassmru
818 3364 859 3427 ad
881 3364 1063 3430 Srurnnm
1085 3359 1244 3427 scholium
1264 3387 1443 3448 prouocan-

285 3484 350 3537 tem
371 3470 510 3536 surrexit
529 3468 609 3532 alter
630 3470 861 3539 Summum,
895 3488 991 3547 quem
1017 3461 1127 3527 hercle
1155 3464 1367 3548 gaudendum
1387 3478 1439 3541 est,

284 3572 319 3636 in
343 3571 448 3637 effatis
470 3572 652 3637 STEPHAM
672 3568 805 3632 maioris
829 3564 1030 3650 explicandis
1051 3562 1102 3627 ius
1125 3563 1328 3633 authenticae
1349 3568 1441 3631 inter-

284 3671 475 3760 pretationis
500 3693 568 3735 non
589 3668 719 3733 habere.

386 3774 475 3838 Noui
502 3771 598 3836 huius
628 3771 811 3837 STEPHANI
840 3766 970 3832 libellus
1003 3765 1037 3828 in
1065 3767 1246 3833 eorundem
1284 3769 1440 3834 annalium

279 3875 357 3943 Vol.
378 3873 490 3941 XIHI.
523 3896 556 3957 p.
587 3872 658 3938 274.
689 3870 770 3935 haec
801 3869 867 3935 iere
895 3867 1059 3933 continet:

383 3976 422 4041 In
448 3974 490 4038 L.
521 3974 568 4038 11.
597 3971 625 4035 si
647 3993 731 4035 seru.
753 3970 871 4035 uerba:

360 4085 416 4154 „et
437 4100 478 4141 an
500 4072 582 4139 socii
603 4095 677 4137 cum
699 4093 739 4137 eo
767 4073 812 4135 ita
840 4093 937 4156 agere
966 4070 1112 4156 possint,
1141 4070 1206 4134 ius
1234 4070 1315 4136 sibi
1346 4093 1436 4157 pro·

356 4174 532 4243 bibendi
559 4182 681 4241 esse“

273 4280 314 4345 ad
341 4278 611 4344 interdictum
642 4273 965 4362 prohibitorium
993 4273 1163 4339 referenda
1185 4296 1275 4352 esse,
1308 4300 1349 4341 en
1375 4298 1427 4341 au·
1509 4326 1510 4375 ἦ

268 4380 415 4447 ctoritate
437 4379 478 4444 1..
498 4381 529 4447 3.
551 4378 582 4461 S·
606 4378 633 4444 1.
655 4376 696 4441 de
717 4374 760 4441 Ο.
783 4374 824 4439 Ν.
847 4375 912 4439 N.:
