3067 5117
113 568 319 637 diuersarum
351 565 543 656 opinionum
577 564 673 654 quasi
704 561 879 653 signiferos
916 563 1017 633 tasse
1051 565 1267 653 comperimus

109 674 296 739 Ivuarevm
323 680 356 737 et
379 672 620 735 MAucsLLvss.
669 668 780 753 Leges
809 667 908 753 igitur
928 668 1076 753 inprimis
1095 667 1267 733 conicien-

111 772 172 839 dae
191 772 255 839 hae
276 780 366 837 sunt:
386 772 429 835 L.
448 770 499 837 40.
520 770 561 835 de
582 792 653 855 acq.
674 781 706 834 et
724 792 789 833 om.
812 768 1096 853 (XXv1ffl‚t.]:

194 890 412 975 „Quaesitum
440 899 505 966 est,
532 910 574 953 au
589 887 680 953 ‘licet
711 886 783 972 quis
805 898 960 973 paternae
980 887 1165 953 hereditatis
1187 887 1268 952 nihil

194 992 349 1077 attingat,
368 988 492 1073 aliquid
519 999 626 1053 tamen
646 999 781 1074 propter
809 988 909 1075 patris
932 988 1133 1054 uoluntatem
1151 988 1269 1054 habeat

192 1092 246 1157 uel
275 1092 392 1169 iaciat,
420 1114 462 1155 an
491 1088 706 1156 creditoribus
735 1089 881 1175 paternis
902 1101 1038 1175 cogatur
1057 1090 1268 1177 respondere,

190 1204 306 1279 utputa
336 1192 365 1257 si
397 1191 558 1277 impuberi
593 1191 693 1257 fuerit
723 1190 940 1256 substitutus?
993 1191 1032 1256 ln
1066 1214 1130 1276 qua
1158 1192 1268 1278 specie

192 1294 366 1360 Ivmsrtvs
398 1292 483 1359 libro
503 1294 633 1360 XXVI.
654 1292 735 1379 Dig.
771 1292 914 1379 scripsit,
948 1292 1093 1359 incidere
1127 1312 1202 1357 eum
1235 1292 1269 1356 in

193 1395 356 1474 edictum,
379 1396 407 1460 si
427 1416 463 1460 se
481 1394 692 1459 immiscuerit
712 1391 891 1479 impuberis
912 1392 1093 1470 hereditati,
1114 1414 1190 1457 nam
1211 1398 1267 1477 qui

192 1496 350 1561 iudicium
374 1494 517 1583 parentis
547 1496 805 1583 oppugnauerit,
837 1516 906 1559 non
935 1494 1054 1560 debere
1087 1514 1128 1558 ex
1156 1494 1270 1559 eadem

192 1597 373 1663 hereditate
394 1596 567 1682 quicquam
594 1596 763 1681 consequi.
808 1595 876 1662 Sed
892 1596 1113 1661 Muacnunvs
1136 1594 1270 1681 elegan-

194 1708 246 1763 ter
273 1697 461 1784 distinguit,
493 1696 630 1763 multum
658 1698 835 1773 interesse,
873 1707 980 1761 utrum
1007 1720 1047 1763 ex
1075 1718 1148 1762 asse
1176 1696 1272 1762 luerit

192 1800 359 1865 institutus
385 1799 420 1863 in
445 1798 547 1884 patris
579 1808 771 1864 testamento
803 1820 845 1863 an
872 1820 913 1863 ex
943 1808 1051 1885 parte,
1085 1810 1136 1875 ut,
1173 1799 1201 1863 si
1230 1820 1271 1863 ex

190 1910 300 1987 parte,
326 1900 468 1987 potuerit
494 1900 565 1965 sine
594 1910 683 1965 metu
712 1910 838 1964 remota
857 1900 957 1985 patris
980 1900 1187 1965 successione
1208 1900 1270 1963 irn-

192 2001 327 2088 puberis
364 1999 576 2067 hereditatem
611 2000 796 2086 amplecti.“
860 2001 1055 2083 (VLPIAst
1090 2001 1166 2065 Lib.
1196 2002 1270 2067 llll.

12 2190 16 2195 ,
189 2104 316 2189 nap.).
1252 2126 1259 2139 ·

108 2225 147 2288 L.
167 2224 224 2289 41.
245 2220 342 2287 ibid:

190 2338 331 2419 ‚‚Filius,
356 2339 412 2423 qui
434 2361 469 2404 se
491 2351 627 2426 paterna
647 2336 825 2404 hereditate
848 2336 1011 2417 abstinuit,
1035 2338 1062 2405 si
1085 2338 1272 2406 exheredati

188 2440 297 2507 fratris
317 2438 487 2505 hereditati
515 2463 551 2505 se
580 2438 790 2505 immiscuerit
831 2450 862 2504 ct
883 2464 942 2525 pro
972 2440 1092 2507 herede
1123 2442 1271 2529 gesserit,

188 2542 311 2627 poterit
331 2564 373 2605 ex
395 2540 622 2606 substitutione
644 2539 854 2607 hereditatem
878 2542 1058 2609 obtinere.“
1090 2542 1272 2628 (lvsmrtvs

190 2642 249 2708 lib.
270 2640 401 2709 XXVI.
422 2641 516 2729 Dig.)
1084 2657 1085 2660 ’

12 2797 13 2866 j
108 2763 149 2827 L.
170 2758 225 2830 42.
245 2759 343 2826 ibid:

190 2882 365 2946 Ivmsrtvs
384 2879 443 2945 lib.
466 2880 598 2948 XXVL
618 2880 699 2968 Dig.
722 2882 868 2968 scripsit:
890 2883 952 2961 „Si
974 2881 1119 2969 pupillus
1139 2891 1276 2967 paterna

191 2981 372 3049 hereditate
398 3005 434 3047 se
457 2981 683 3059 abstinuisset,
712 2981 833 3049 deinde
864 2984 894 3051 ei
916 2984 1032 3069 aliquis
1058 2984 1154 3049 heres
1175 2985 1274 3049 exsti-

191 3082 302 3161 tisset,
333 3084 407 3149 non'
423 3107 496 3151 esse
520 3105 595 3149 eum
616 3084 896 3169 compellendum,
927 3086 1140 3153 creditoribus
1164 3086 1274 3171 putea

194 3183 246 3246 nis
263 3187 483 3271 respondere,
514 3184 578 3249 nisi
598 3185 789 3253 substitutus
812 3187 843 3253 ei
862 3186 992 3253 luisset:
1027 3186 1161 3252 inclinat
1188 3188 1275 3251 enim

194 3285 229 3348 in
248 3283 331 3362 hoc,
360 3298 395 3351 ut
416 3296 524 3373 putet,
551 3286 757 3352 substitutum
779 3289 874 3355 etiam
900 3287 1000 3375 patris
1028 3310 1129 3355 onera
1150 3288 1274 3354 subitu-

193 3410 276 3452 rum.
319 3388 414 3471 Quae
435 3387 596 3455 sententia
615 3413 635 3453 a
654 3390 855 3455 Mmcanno
876 3399 963 3455 recte
985 3402 1096 3456 notata
1116 3402 1181 3457 est:
1214 3392 1275 3456 im-

196 3501 322 3576 pugnat
350 3490 437 3555 enim
468 3488 637 3555 utilitatem
666 3490 802 3577 pupilli,
833 3491 889 3575 qui
916 3491 987 3577 ipse
1015 3490 1127 3557 saltem
1155 3492 1276 3559 habere

193 3602 303 3677 potest
331 3611 574 3655 successorem:
604 3602 692 3657 metu
720 3592 807 3657 enim
838 3615 974 3657 onerum
1003 3592 1103 3678 patris
1133 3592 1275 3658 timidius

195 3693 266 3778 quis
288 3693 386 3759 etiam
406 3690 583 3776 impuberis
602 3692 815 3759 hereditatem
837 3693 948 3758 adibit.
969 3692 1138 3780 Alioquin,
1160 3694 1275 3779 inquit,

197 3807 228 3860 et
255 3796 284 3860 si
314 3796 412 3858 irater
436 3792 511 3869 tuit,
552 3793 674 3859 omissa
702 3818 819 3861 caussa
847 3794 1028 3860 testamenti
1058 3794 1098 3859 ab
1124 3796 1274 3861 intestato

194 3894 377 3981 possidebit
401 3894 613 3960 hereditatem
642 3896 674 3961 et
695 3894 827 3981 quidem
845 3895 988 3983 impune.
1028 3898 1061 3962 N
1063 3918 1099 3963 ec
1118 3894 1204 3962 enim
1225 3898 1275 3961 ui-

196 3997 288 4063 detur
315 3996 460 4062 uoluisse
487 3995 637 4062 fraudare
667 3997 825 4074 edictum,
854 3998 910 4083 qui
942 3998 1003 4063 sibi
1031 3996 1204 4085 prospicit,
1234 4022 1276 4065 ne

198 4096 350 4164 oneribus
368 4097 470 4184 patris
487 4096 605 4183 pupilli
625 4097 788 4163 hereditas
810 4097 1002 4184 implicetur.
1044 4096 1112 4167 Sed
1133 4097 1222 4184 quod
1242 4099 1277 4163 in

197 4198 290 4264 fratre
311 4200 460 4285 scripsit,
489 4200 587 4266 credo
610 4199 656 4265 ita
681 4198 939 4285 intelligendum,
962 4198 989 4263 si
1010 4222 1078 4265 non
1099 4200 1277 4285 impuberis

198 4299 292 4367 irater
312 4300 388 4379 luit,
411 4299 471 4367 sed
491 4301 672 4379 testatoris,
692 4310 836 4366 ceterum
856 4301 985 4387 utique,
1013 4302 1042 4367 si
1061 4300 1157 4369 irater
1178 4322 1198 4367 a
1217 4324 1277 4387 pa·
