<?xml version="1.0" encoding="UTF-8"?>
<!DOCTYPE html PUBLIC "-//W3C//DTD XHTML 1.0 Transitional//EN"
    "http://www.w3.org/TR/xhtml1/DTD/xhtml1-transitional.dtd">
<html xmlns="http://www.w3.org/1999/xhtml" xml:lang="en" lang="en">
 <head>
  <title>
</title>
<meta http-equiv="Content-Type" content="text/html;charset=utf-8" />
  <meta name='ocr-system' content='tesseract 3.04.00' />
  <meta name='ocr-capabilities' content='ocr_page ocr_carea ocr_par ocr_line ocrx_word'/>
</head>
<body>
  <div class='ocr_page' id='page_1' title='image "./commentationesi00perngoog_0068.png"; bbox 0 0 3067 5117; ppageno 0'>
   <div class='ocr_carea' id='block_1_1' title="bbox 278 584 1521 3929">
    <p class='ocr_par' dir='ltr' id='par_1_1' title="bbox 359 584 1438 1288">
     <span class='ocr_line' id='line_1_1' title="bbox 360 584 1435 669; baseline -0.01 -8"><span class='ocrx_word' id='word_1_1' title='bbox 360 590 495 661; x_wconf 90' lang='lat' dir='ltr'>nomine</span> <span class='ocrx_word' id='word_1_2' title='bbox 518 599 670 657; x_wconf 65' lang='lat' dir='ltr'>oneraris</span> <span class='ocrx_word' id='word_1_3' title='bbox 699 599 765 667; x_wconf 87' lang='lat' dir='ltr'>est,</span> <span class='ocrx_word' id='word_1_4' title='bbox 793 589 884 657; x_wconf 86' lang='lat' dir='ltr'>uelut</span> <span class='ocrx_word' id='word_1_5' title='bbox 911 586 1076 654; x_wconf 86' lang='lat' dir='ltr'>institutus</span> <span class='ocrx_word' id='word_1_6' title='bbox 1095 584 1260 653; x_wconf 81' lang='lat' dir='ltr'>desideret</span> <span class='ocrx_word' id='word_1_7' title='bbox 1280 594 1435 669; x_wconf 75' lang='lat' dir='ltr'><strong>quartam,</strong></span> 
     </span>
     <span class='ocr_line' id='line_1_2' title="bbox 362 686 1437 780; baseline -0.011 -17"><span class='ocrx_word' id='word_1_8' title='bbox 362 695 442 763; x_wconf 80' lang='lat' dir='ltr'>alter</span> <span class='ocrx_word' id='word_1_9' title='bbox 463 704 580 772; x_wconf 82' lang='lat' dir='ltr'>autem,</span> <span class='ocrx_word' id='word_1_10' title='bbox 606 692 662 780; x_wconf 91' lang='lat' dir='ltr'>qui</span> <span class='ocrx_word' id='word_1_11' title='bbox 684 714 752 757; x_wconf 91' lang='lat' dir='ltr'>non</span> <span class='ocrx_word' id='word_1_12' title='bbox 774 701 824 757; x_wconf 91' lang='lat' dir='ltr'>est</span> <span class='ocrx_word' id='word_1_13' title='bbox 846 700 999 757; x_wconf 86' lang='lat' dir='ltr'>oneratus</span> <span class='ocrx_word' id='word_1_14' title='bbox 1019 699 1056 754; x_wconf 95' lang='lat' dir='ltr'>ut</span> <span class='ocrx_word' id='word_1_15' title='bbox 1076 686 1341 773; x_wconf 64' lang='lat' dir='ltr'>subsuutustt),</span> <span class='ocrx_word' id='word_1_16' title='bbox 1360 686 1437 753; x_wconf 89' lang='lat' dir='ltr'>licet</span> 
     </span>
     <span class='ocr_line' id='line_1_3' title="bbox 359 788 1438 885; baseline -0.01 -22"><span class='ocrx_word' id='word_1_17' title='bbox 359 796 467 885; x_wconf 90' lang='lat' dir='ltr'>portio</span> <span class='ocrx_word' id='word_1_18' title='bbox 488 794 645 883; x_wconf 84' lang='lat' dir='ltr'>largiatur</span> <span class='ocrx_word' id='word_1_19' title='bbox 663 792 749 870; x_wconf 88' lang='lat' dir='ltr'>eius,</span> <span class='ocrx_word' id='word_1_20' title='bbox 769 815 837 858; x_wconf 91' lang='lat' dir='ltr'>non</span> <span class='ocrx_word' id='word_1_21' title='bbox 857 790 1053 857; x_wconf 88' lang='lat' dir='ltr'>insolidum</span> <span class='ocrx_word' id='word_1_22' title='bbox 1073 788 1287 870; x_wconf 80' lang='lat' dir='ltr'>conueniatur</span> <span class='ocrx_word' id='word_1_23' title='bbox 1304 798 1438 875; x_wconf 88' lang='lat' dir='ltr'>propter</span> 
     </span>
     <span class='ocr_line' id='line_1_4' title="bbox 363 889 1436 977; baseline -0.012 -12"><span class='ocrx_word' id='word_1_24' title='bbox 363 896 484 965; x_wconf 81' lang='lat' dir='ltr'>calculi</span> <span class='ocrx_word' id='word_1_25' title='bbox 504 896 741 964; x_wconf 87' lang='lat' dir='ltr'>confusionem.</span> <span class='ocrx_word' id='word_1_26' title='bbox 782 893 870 960; x_wconf 88' lang='lat' dir='ltr'>Huic</span> <span class='ocrx_word' id='word_1_27' title='bbox 891 914 1097 977; x_wconf 88' lang='lat' dir='ltr'>consequens</span> <span class='ocrx_word' id='word_1_28' title='bbox 1119 900 1186 969; x_wconf 86' lang='lat' dir='ltr'>est,</span> <span class='ocrx_word' id='word_1_29' title='bbox 1207 901 1243 955; x_wconf 87' lang='lat' dir='ltr'>ut</span> <span class='ocrx_word' id='word_1_30' title='bbox 1263 890 1291 955; x_wconf 92' lang='lat' dir='ltr'>si</span> <span class='ocrx_word' id='word_1_31' title='bbox 1311 889 1436 976; x_wconf 89' lang='lat' dir='ltr'>pupillo</span> 
     </span>
     <span class='ocr_line' id='line_1_5' title="bbox 362 992 1437 1079; baseline -0.007 -14"><span class='ocrx_word' id='word_1_32' title='bbox 362 998 404 1065; x_wconf 89' lang='lat' dir='ltr'>de</span> <span class='ocrx_word' id='word_1_33' title='bbox 411 998 561 1065; x_wconf 82' lang='lat' dir='ltr'>Falcidia</span> <span class='ocrx_word' id='word_1_34' title='bbox 580 1009 709 1065; x_wconf 89' lang='lat' dir='ltr'>cautum</span> <span class='ocrx_word' id='word_1_35' title='bbox 730 996 801 1073; x_wconf 86' lang='lat' dir='ltr'>init,</span> <span class='ocrx_word' id='word_1_36' title='bbox 822 994 951 1061; x_wconf 90' lang='lat' dir='ltr'>duobus</span> <span class='ocrx_word' id='word_1_37' title='bbox 962 993 1180 1061; x_wconf 86' lang='lat' dir='ltr'>committatur</span> <span class='ocrx_word' id='word_1_38' title='bbox 1190 992 1368 1079; x_wconf 86' lang='lat' dir='ltr'>stipulatio,</span> <span class='ocrx_word' id='word_1_39' title='bbox 1387 992 1437 1057; x_wconf 92' lang='lat' dir='ltr'>ui·</span> 
     </span>
     <span class='ocr_line' id='line_1_6' title="bbox 362 1094 1438 1185; baseline -0.007 -20"><span class='ocrx_word' id='word_1_40' title='bbox 362 1100 480 1167; x_wconf 81' lang='lat' dir='ltr'>delicet</span> <span class='ocrx_word' id='word_1_41' title='bbox 500 1100 535 1165; x_wconf 92' lang='lat' dir='ltr'>in</span> <span class='ocrx_word' id='word_1_42' title='bbox 556 1121 628 1167; x_wconf 85' lang='lat' dir='ltr'>eam</span> <span class='ocrx_word' id='word_1_43' title='bbox 654 1098 881 1185; x_wconf 82' lang='lat' dir='ltr'>quantitatem,</span> <span class='ocrx_word' id='word_1_44' title='bbox 909 1120 1008 1182; x_wconf 89' lang='lat' dir='ltr'>quam</span> <span class='ocrx_word' id='word_1_45' title='bbox 1033 1094 1259 1181; x_wconf 88' lang='lat' dir='ltr'>unusquisque</span> <span class='ocrx_word' id='word_1_46' title='bbox 1278 1094 1342 1160; x_wconf 90' lang='lat' dir='ltr'>sibi</span> <span class='ocrx_word' id='word_1_47' title='bbox 1361 1094 1438 1159; x_wconf 89' lang='lat' dir='ltr'>reti·</span> 
     </span>
     <span class='ocr_line' id='line_1_7' title="bbox 362 1201 661 1288; baseline -0.003 -20"><span class='ocrx_word' id='word_1_48' title='bbox 362 1224 441 1270; x_wconf 88' lang='lat' dir='ltr'>nere</span> <span class='ocrx_word' id='word_1_49' title='bbox 461 1201 661 1288; x_wconf 84' lang='lat' dir='ltr'>potuisset“</span> 
     </span>
    </p>

    <p class='ocr_par' dir='ltr' id='par_1_2' title="bbox 280 1297 1441 1778">
     <span class='ocr_line' id='line_1_8' title="bbox 387 1297 1440 1389; baseline -0.004 -20"><span class='ocrx_word' id='word_1_50' title='bbox 387 1304 508 1369; x_wconf 88' lang='lat' dir='ltr'>Totum</span> <span class='ocrx_word' id='word_1_51' title='bbox 536 1301 742 1369; x_wconf 78' lang='lat' dir='ltr'>conscribere</span> <span class='ocrx_word' id='word_1_52' title='bbox 771 1301 877 1389; x_wconf 89' lang='lat' dir='ltr'>possit</span> <span class='ocrx_word' id='word_1_53' title='bbox 904 1300 1068 1380; x_wconf 85' lang='lat' dir='ltr'>libellum,</span> <span class='ocrx_word' id='word_1_54' title='bbox 1094 1297 1151 1385; x_wconf 88' lang='lat' dir='ltr'>qui</span> <span class='ocrx_word' id='word_1_55' title='bbox 1180 1320 1294 1365; x_wconf 91' lang='lat' dir='ltr'>omnes</span> <span class='ocrx_word' id='word_1_56' title='bbox 1320 1297 1357 1363; x_wconf 90' lang='lat' dir='ltr'>in</span> <span class='ocrx_word' id='word_1_57' title='bbox 1379 1299 1440 1365; x_wconf 89' lang='lat' dir='ltr'>hac</span> 
     </span>
     <span class='ocr_line' id='line_1_9' title="bbox 280 1400 1439 1493; baseline -0.007 -22"><span class='ocrx_word' id='word_1_58' title='bbox 280 1406 356 1493; x_wconf 79' lang='lat' dir='ltr'>lege</span> <span class='ocrx_word' id='word_1_59' title='bbox 388 1404 583 1491; x_wconf 82' lang='lat' dir='ltr'>explicanda</span> <span class='ocrx_word' id='word_1_60' title='bbox 614 1404 785 1469; x_wconf 89' lang='lat' dir='ltr'>doctorum</span> <span class='ocrx_word' id='word_1_61' title='bbox 819 1404 964 1470; x_wconf 88' lang='lat' dir='ltr'>uirorum</span> <span class='ocrx_word' id='word_1_62' title='bbox 995 1411 1132 1469; x_wconf 84' lang='lat' dir='ltr'>conatus</span> <span class='ocrx_word' id='word_1_63' title='bbox 1165 1400 1246 1467; x_wconf 92' lang='lat' dir='ltr'>uelit</span> <span class='ocrx_word' id='word_1_64' title='bbox 1280 1411 1439 1487; x_wconf 86' lang='lat' dir='ltr'>repetere.</span> 
     </span>
     <span class='ocr_line' id='line_1_10' title="bbox 280 1500 1439 1589; baseline -0.006 -15"><span class='ocrx_word' id='word_1_65' title='bbox 280 1506 384 1574; x_wconf 92' lang='lat' dir='ltr'>Nobis</span> <span class='ocrx_word' id='word_1_66' title='bbox 407 1506 562 1584; x_wconf 82' lang='lat' dir='ltr'>sufficiet,</span> <span class='ocrx_word' id='word_1_67' title='bbox 586 1528 625 1573; x_wconf 87' lang='lat' dir='ltr'>ea</span> <span class='ocrx_word' id='word_1_68' title='bbox 646 1505 856 1583; x_wconf 71' lang='lat' dir='ltr'>exhibuisse,</span> <span class='ocrx_word' id='word_1_69' title='bbox 884 1505 920 1569; x_wconf 89' lang='lat' dir='ltr'>in</span> <span class='ocrx_word' id='word_1_70' title='bbox 944 1503 1061 1589; x_wconf 90' lang='lat' dir='ltr'>quibus</span> <span class='ocrx_word' id='word_1_71' title='bbox 1079 1500 1179 1571; x_wconf 86' lang='lat' dir='ltr'>cerdo</span> <span class='ocrx_word' id='word_1_72' title='bbox 1199 1502 1439 1589; x_wconf 88' lang='lat' dir='ltr'>interpretatio-</span> 
     </span>
     <span class='ocr_line' id='line_1_11' title="bbox 280 1603 1441 1692; baseline -0.005 -19"><span class='ocrx_word' id='word_1_73' title='bbox 280 1607 331 1673; x_wconf 90' lang='lat' dir='ltr'>nis</span> <span class='ocrx_word' id='word_1_74' title='bbox 353 1604 637 1675; x_wconf 82' lang='lat' dir='ltr'>uersari&#39;uidetur.</span> <span class='ocrx_word' id='word_1_75' title='bbox 679 1606 831 1691; x_wconf 84' lang='lat' dir='ltr'>Quorum</span> <span class='ocrx_word' id='word_1_76' title='bbox 850 1604 886 1672; x_wconf 92' lang='lat' dir='ltr'>in</span> <span class='ocrx_word' id='word_1_77' title='bbox 907 1628 1044 1673; x_wconf 90' lang='lat' dir='ltr'>numero</span> <span class='ocrx_word' id='word_1_78' title='bbox 1063 1606 1145 1675; x_wconf 87' lang='lat' dir='ltr'>haec</span> <span class='ocrx_word' id='word_1_79' title='bbox 1164 1603 1344 1692; x_wconf 85' lang='lat' dir='ltr'>praecipuo</span> <span class='ocrx_word' id='word_1_80' title='bbox 1367 1614 1441 1669; x_wconf 89' lang='lat' dir='ltr'>suut</span> 
     </span>
     <span class='ocr_line' id='line_1_12' title="bbox 282 1709 513 1778; baseline -0.017 -1"><span class='ocrx_word' id='word_1_81' title='bbox 282 1709 513 1778; x_wconf 66' lang='lat' dir='ltr'>memorandas</span> 
     </span>
    </p>

    <p class='ocr_par' dir='ltr' id='par_1_3' title="bbox 323 1810 1132 1897">
     <span class='ocr_line' id='line_1_13' title="bbox 323 1810 1132 1897; baseline -0.001 -17"><span class='ocrx_word' id='word_1_82' title='bbox 323 1813 373 1891; x_wconf 85' lang='lat'>1⁰,</span> <span class='ocrx_word' id='word_1_83' title='bbox 395 1812 565 1897; x_wconf 81' lang='lat' dir='ltr'>Quaenam</span> <span class='ocrx_word' id='word_1_84' title='bbox 593 1811 635 1877; x_wconf 90' lang='lat' dir='ltr'>sit</span> <span class='ocrx_word' id='word_1_85' title='bbox 653 1810 745 1877; x_wconf 91' lang='lat' dir='ltr'>notio</span> <span class='ocrx_word' id='word_1_86' title='bbox 765 1810 860 1877; x_wconf 89' lang='lat' dir='ltr'>uerbi</span> <span class='ocrx_word' id='word_1_87' title='bbox 887 1820 1132 1889; x_wconf 74' lang='lat' dir='ltr'>,‚onerare“</span> 
     </span>
    </p>

    <p class='ocr_par' dir='ltr' id='par_1_4' title="bbox 321 1912 1439 2083">
     <span class='ocr_line' id='line_1_14' title="bbox 321 1912 1439 2001; baseline -0.008 -17"><span class='ocrx_word' id='word_1_88' title='bbox 321 1915 373 1991; x_wconf 81' lang='lat'>2⁰,</span> <span class='ocrx_word' id='word_1_89' title='bbox 396 1912 486 1999; x_wconf 86' lang='lat' dir='ltr'>Quid</span> <span class='ocrx_word' id='word_1_90' title='bbox 519 1915 701 2001; x_wconf 85' lang='lat' dir='ltr'>exprimant</span> <span class='ocrx_word' id='word_1_91' title='bbox 732 1913 835 1980; x_wconf 83' lang='lat' dir='ltr'>uerba</span> <span class='ocrx_word' id='word_1_92' title='bbox 861 1914 1230 1992; x_wconf 87' lang='lat' dir='ltr'>„conueniendum</span> <span class='ocrx_word' id='word_1_93' title='bbox 1262 1912 1439 1981; x_wconf 88' lang='lat' dir='ltr'>alterum</span> 
     </span>
     <span class='ocr_line' id='line_1_15' title="bbox 362 2014 685 2083; baseline -0.009 0"><span class='ocrx_word' id='word_1_94' title='bbox 362 2014 685 2083; x_wconf 88' lang='lat' dir='ltr'>substitutum“.</span> 
     </span>
    </p>

    <p class='ocr_par' dir='ltr' id='par_1_5' title="bbox 319 2114 1438 2205">
     <span class='ocr_line' id='line_1_16' title="bbox 319 2114 1438 2205; baseline -0.005 -19"><span class='ocrx_word' id='word_1_95' title='bbox 319 2120 371 2195; x_wconf 80' lang='lat'>3⁰,</span> <span class='ocrx_word' id='word_1_96' title='bbox 393 2116 484 2201; x_wconf 88' lang='lat' dir='ltr'>Quid</span> <span class='ocrx_word' id='word_1_97' title='bbox 497 2118 660 2205; x_wconf 82' lang='lat' dir='ltr'>significet</span> <span class='ocrx_word' id='word_1_98' title='bbox 670 2140 745 2204; x_wconf 87' lang='lat' dir='ltr'>pars</span> <span class='ocrx_word' id='word_1_99' title='bbox 758 2117 830 2185; x_wconf 88' lang='lat' dir='ltr'>illa:</span> <span class='ocrx_word' id='word_1_100' title='bbox 854 2118 930 2196; x_wconf 87' lang='lat' dir='ltr'>„Vt</span> <span class='ocrx_word' id='word_1_101' title='bbox 950 2117 1066 2185; x_wconf 89' lang='lat' dir='ltr'>enim</span> <span class='ocrx_word' id='word_1_102' title='bbox 1087 2139 1185 2204; x_wconf 90' lang='lat' dir='ltr'>opes</span> <span class='ocrx_word' id='word_1_103' title='bbox 1206 2114 1438 2205; x_wconf 86' lang='lat' dir='ltr'>patris“etc.</span> 
     </span>
    </p>

    <p class='ocr_par' dir='ltr' id='par_1_6' title="bbox 318 2218 1439 2409">
     <span class='ocr_line' id='line_1_17' title="bbox 318 2218 1439 2305; baseline -0.003 -19"><span class='ocrx_word' id='word_1_104' title='bbox 318 2221 370 2297; x_wconf 85' lang='lat'>4⁰,</span> <span class='ocrx_word' id='word_1_105' title='bbox 392 2218 499 2303; x_wconf 88' lang='lat' dir='ltr'>Quale</span> <span class='ocrx_word' id='word_1_106' title='bbox 521 2219 562 2285; x_wconf 90' lang='lat' dir='ltr'>sit</span> <span class='ocrx_word' id='word_1_107' title='bbox 581 2219 679 2283; x_wconf 85' lang='lat' dir='ltr'>illud:</span> <span class='ocrx_word' id='word_1_108' title='bbox 709 2219 901 2304; x_wconf 69' lang='lat' dir='ltr'>„Atquin</span> <span class='ocrx_word' id='word_1_109' title='bbox 922 2232 1115 2305; x_wconf 87' lang='lat' dir='ltr'>quartam</span> <span class='ocrx_word' id='word_1_110' title='bbox 1133 2218 1280 2297; x_wconf 86' lang='lat' dir='ltr'>habet,</span> <span class='ocrx_word' id='word_1_111' title='bbox 1305 2241 1439 2304; x_wconf 91' lang='lat' dir='ltr'>neque</span> 
     </span>
     <span class='ocr_line' id='line_1_18' title="bbox 360 2320 1232 2409; baseline 0.002 -24"><span class='ocrx_word' id='word_1_112' title='bbox 360 2320 468 2385; x_wconf 90' lang='lat' dir='ltr'>idem</span> <span class='ocrx_word' id='word_1_113' title='bbox 496 2321 687 2405; x_wconf 89' lang='lat' dir='ltr'>patiatur</span> <span class='ocrx_word' id='word_1_114' title='bbox 707 2320 900 2389; x_wconf 88' lang='lat' dir='ltr'>instituti</span> <span class='ocrx_word' id='word_1_115' title='bbox 927 2321 1232 2409; x_wconf 87' lang='lat' dir='ltr'>comparatio.“</span> 
     </span>
    </p>

    <p class='ocr_par' dir='ltr' id='par_1_7' title="bbox 394 2421 895 2509">
     <span class='ocr_line' id='line_1_19' title="bbox 394 2421 895 2509; baseline 0.01 -24"><span class='ocrx_word' id='word_1_116' title='bbox 394 2421 490 2504; x_wconf 87' lang='lat' dir='ltr'>Quae</span> <span class='ocrx_word' id='word_1_117' title='bbox 513 2421 645 2509; x_wconf 85' lang='lat' dir='ltr'>singula</span> <span class='ocrx_word' id='word_1_118' title='bbox 665 2421 895 2507; x_wconf 80' lang='lat' dir='ltr'>dispiciemus:</span> 
     </span>
    </p>

    <p class='ocr_par' dir='ltr' id='par_1_8' title="bbox 278 2521 1521 3731">
     <span class='ocr_line' id='line_1_20' title="bbox 389 2521 1439 2609; baseline 0 -18"><span class='ocrx_word' id='word_1_119' title='bbox 389 2524 433 2609; x_wconf 89' lang='lat'>1.)</span> <span class='ocrx_word' id='word_1_120' title='bbox 457 2521 635 2605; x_wconf 85' lang='lat' dir='ltr'>Quomodo</span> <span class='ocrx_word' id='word_1_121' title='bbox 657 2522 837 2609; x_wconf 86' lang='lat' dir='ltr'>explicetur</span> <span class='ocrx_word' id='word_1_122' title='bbox 865 2547 933 2591; x_wconf 82' lang='lat' dir='ltr'>uox</span> <span class='ocrx_word' id='word_1_123' title='bbox 961 2534 1203 2604; x_wconf 84' lang='lat' dir='ltr'>,‚onerare“</span> <span class='ocrx_word' id='word_1_124' title='bbox 1235 2525 1356 2593; x_wconf 91' lang='lat' dir='ltr'>iccirco</span> <span class='ocrx_word' id='word_1_125' title='bbox 1374 2526 1439 2591; x_wconf 93' lang='lat' dir='ltr'>uim</span> 
     </span>
     <span class='ocr_line' id='line_1_21' title="bbox 278 2622 1439 2714; baseline -0.001 -22"><span class='ocrx_word' id='word_1_126' title='bbox 278 2624 377 2692; x_wconf 87' lang='lat' dir='ltr'>habet</span> <span class='ocrx_word' id='word_1_127' title='bbox 409 2622 569 2711; x_wconf 82' lang='lat' dir='ltr'>aliquam,</span> <span class='ocrx_word' id='word_1_128' title='bbox 600 2623 689 2711; x_wconf 88' lang='lat' dir='ltr'>quod</span> <span class='ocrx_word' id='word_1_129' title='bbox 721 2624 799 2693; x_wconf 91' lang='lat' dir='ltr'>inde</span> <span class='ocrx_word' id='word_1_130' title='bbox 831 2626 1054 2713; x_wconf 85' lang='lat' dir='ltr'>colligendum</span> <span class='ocrx_word' id='word_1_131' title='bbox 1091 2639 1157 2706; x_wconf 88' lang='lat' dir='ltr'>est,</span> <span class='ocrx_word' id='word_1_132' title='bbox 1196 2638 1304 2693; x_wconf 85' lang='lat' dir='ltr'>utrum</span> <span class='ocrx_word' id='word_1_133' title='bbox 1329 2628 1439 2714; x_wconf 86' lang='lat' dir='ltr'>legata</span> 
     </span>
     <span class='ocr_line' id='line_1_22' title="bbox 281 2724 1439 2817; baseline -0.001 -24"><span class='ocrx_word' id='word_1_134' title='bbox 281 2728 378 2794; x_wconf 85' lang='lat' dir='ltr'>etiam</span> <span class='ocrx_word' id='word_1_135' title='bbox 404 2726 444 2793; x_wconf 89' lang='lat' dir='ltr'>ab</span> <span class='ocrx_word' id='word_1_136' title='bbox 466 2725 568 2791; x_wconf 86' lang='lat' dir='ltr'>altero</span> <span class='ocrx_word' id='word_1_137' title='bbox 590 2724 761 2793; x_wconf 90' lang='lat' dir='ltr'>substituto</span> <span class='ocrx_word' id='word_1_138' title='bbox 791 2737 864 2795; x_wconf 87' lang='lat' dir='ltr'>eta</span> <span class='ocrx_word' id='word_1_139' title='bbox 888 2729 1015 2815; x_wconf 85' lang='lat' dir='ltr'>pupillo</span> <span class='ocrx_word' id='word_1_140' title='bbox 1036 2728 1150 2797; x_wconf 86' lang='lat' dir='ltr'>relicta</span> <span class='ocrx_word' id='word_1_141' title='bbox 1170 2752 1244 2797; x_wconf 89' lang='lat' dir='ltr'>esse</span> <span class='ocrx_word' id='word_1_142' title='bbox 1276 2731 1439 2817; x_wconf 83' lang='lat' dir='ltr'>fingantur</span> 
     </span>
     <span class='ocr_line' id='line_1_23' title="bbox 279 2826 1438 2917; baseline 0.002 -24"><span class='ocrx_word' id='word_1_143' title='bbox 279 2850 342 2895; x_wconf 85' lang='lat' dir='ltr'>nec</span> <span class='ocrx_word' id='word_1_144' title='bbox 363 2850 417 2893; x_wconf 92' lang='lat' dir='ltr'>ne.</span> <span class='ocrx_word' id='word_1_145' title='bbox 458 2826 545 2892; x_wconf 80' lang='lat' dir='ltr'>Nam</span> <span class='ocrx_word' id='word_1_146' title='bbox 571 2827 600 2893; x_wconf 93' lang='lat' dir='ltr'>si</span> <span class='ocrx_word' id='word_1_147' title='bbox 627 2826 708 2893; x_wconf 91' lang='lat' dir='ltr'>nihil</span> <span class='ocrx_word' id='word_1_148' title='bbox 736 2826 798 2895; x_wconf 88' lang='lat' dir='ltr'>hac</span> <span class='ocrx_word' id='word_1_149' title='bbox 823 2851 907 2895; x_wconf 89' lang='lat' dir='ltr'>uoce</span> <span class='ocrx_word' id='word_1_150' title='bbox 931 2830 1022 2897; x_wconf 88' lang='lat' dir='ltr'>dicas</span> <span class='ocrx_word' id='word_1_151' title='bbox 1042 2830 1239 2917; x_wconf 83' lang='lat' dir='ltr'>significari,</span> <span class='ocrx_word' id='word_1_152' title='bbox 1261 2831 1326 2897; x_wconf 91' lang='lat' dir='ltr'>nisi</span> <span class='ocrx_word' id='word_1_153' title='bbox 1350 2832 1438 2909; x_wconf 86' lang='lat' dir='ltr'>„le-</span> 
     </span>
     <span class='ocr_line' id='line_1_24' title="bbox 280 2928 1438 3019; baseline 0.001 -23"><span class='ocrx_word' id='word_1_154' title='bbox 280 2940 378 3019; x_wconf 79' lang='lat' dir='ltr'>gate</span> <span class='ocrx_word' id='word_1_155' title='bbox 399 2928 776 3015; x_wconf 81' lang='lat' dir='ltr'>quantulacunque</span> <span class='ocrx_word' id='word_1_156' title='bbox 796 2930 1061 3017; x_wconf 87' lang='lat' dir='ltr'>imponere“,</span> <span class='ocrx_word' id='word_1_157' title='bbox 1093 2942 1218 2999; x_wconf 88' lang='lat' dir='ltr'>certum</span> <span class='ocrx_word' id='word_1_158' title='bbox 1237 2944 1304 3011; x_wconf 88' lang='lat' dir='ltr'>est,</span> <span class='ocrx_word' id='word_1_159' title='bbox 1326 2933 1370 3000; x_wconf 88' lang='lat' dir='ltr'>ab</span> <span class='ocrx_word' id='word_1_160' title='bbox 1392 2932 1438 2997; x_wconf 87' lang='lat' dir='ltr'>al-</span> 
     </span>
     <span class='ocr_line' id='line_1_25' title="bbox 279 3031 1438 3121; baseline -0.001 -23"><span class='ocrx_word' id='word_1_161' title='bbox 279 3047 348 3098; x_wconf 91' lang='lat' dir='ltr'>tero</span> <span class='ocrx_word' id='word_1_162' title='bbox 375 3032 559 3109; x_wconf 88' lang='lat' dir='ltr'>substituto,</span> <span class='ocrx_word' id='word_1_163' title='bbox 583 3031 640 3116; x_wconf 88' lang='lat' dir='ltr'>qui</span> <span class='ocrx_word' id='word_1_164' title='bbox 658 3031 733 3097; x_wconf 92' lang='lat' dir='ltr'>huic</span> <span class='ocrx_word' id='word_1_165' title='bbox 755 3033 943 3118; x_wconf 90' lang='lat' dir='ltr'>opponitur,</span> <span class='ocrx_word' id='word_1_166' title='bbox 963 3033 1046 3099; x_wconf 86' lang='lat' dir='ltr'>nihil</span> <span class='ocrx_word' id='word_1_167' title='bbox 1066 3057 1167 3121; x_wconf 89' lang='lat' dir='ltr'>posse</span> <span class='ocrx_word' id='word_1_168' title='bbox 1187 3033 1333 3120; x_wconf 80' lang='lat' dir='ltr'>legatum</span> <span class='ocrx_word' id='word_1_169' title='bbox 1355 3056 1438 3108; x_wconf 87' lang='lat' dir='ltr'>esse,</span> 
     </span>
     <span class='ocr_line' id='line_1_26' title="bbox 280 3132 1521 3222; baseline -0.001 -23"><span class='ocrx_word' id='word_1_170' title='bbox 280 3136 308 3199; x_wconf 93' lang='lat' dir='ltr'>si</span> <span class='ocrx_word' id='word_1_171' title='bbox 320 3134 409 3199; x_wconf 86' lang='lat' dir='ltr'>dicas</span> <span class='ocrx_word' id='word_1_172' title='bbox 422 3132 600 3220; x_wconf 83' lang='lat' dir='ltr'>significari</span> <span class='ocrx_word' id='word_1_173' title='bbox 620 3132 754 3208; x_wconf 85' lang='lat' dir='ltr'>„ultra</span> <span class='ocrx_word' id='word_1_174' title='bbox 772 3134 1021 3201; x_wconf 80' lang='lat' dir='ltr'>dodrantem</span> <span class='ocrx_word' id='word_1_175' title='bbox 1041 3135 1200 3222; x_wconf 82' lang='lat' dir='ltr'>legatis</span> <span class='ocrx_word' id='word_1_176' title='bbox 1222 3141 1436 3222; x_wconf 85' lang='lat' dir='ltr'>grauare‚“</span> <span class='ocrx_word' id='word_1_177' title='bbox 1520 3203 1521 3206; x_wconf 48' lang='lat'>,</span> 
     </span>
     <span class='ocr_line' id='line_1_27' title="bbox 279 3235 1521 3324; baseline -0.002 -23"><span class='ocrx_word' id='word_1_178' title='bbox 279 3236 437 3301; x_wconf 87' lang='lat' dir='ltr'>incertum</span> <span class='ocrx_word' id='word_1_179' title='bbox 457 3245 580 3313; x_wconf 87' lang='lat' dir='ltr'>manet,</span> <span class='ocrx_word' id='word_1_180' title='bbox 607 3245 715 3300; x_wconf 87' lang='lat' dir='ltr'>utrum</span> <span class='ocrx_word' id='word_1_181' title='bbox 738 3236 779 3301; x_wconf 87' lang='lat' dir='ltr'>ab</span> <span class='ocrx_word' id='word_1_182' title='bbox 803 3235 904 3302; x_wconf 78' lang='lat' dir='ltr'>altero</span> <span class='ocrx_word' id='word_1_183' title='bbox 925 3236 1070 3324; x_wconf 85' lang='lat' dir='ltr'>legatum</span> <span class='ocrx_word' id='word_1_184' title='bbox 1091 3237 1135 3301; x_wconf 92' lang='lat' dir='ltr'>sit</span> <span class='ocrx_word' id='word_1_185' title='bbox 1160 3258 1222 3303; x_wconf 91' lang='lat' dir='ltr'>nec</span> <span class='ocrx_word' id='word_1_186' title='bbox 1243 3260 1296 3303; x_wconf 89' lang='lat' dir='ltr'>ne.</span> <span class='ocrx_word' id='word_1_187' title='bbox 1353 3236 1437 3301; x_wconf 86' lang='lat' dir='ltr'>Tum</span> <span class='ocrx_word' id='word_1_188' title='bbox 1520 3237 1521 3272; x_wconf 61' lang='lat'>¹</span> 
     </span>
     <span class='ocr_line' id='line_1_28' title="bbox 278 3335 1520 3424; baseline -0.001 -21"><span class='ocrx_word' id='word_1_189' title='bbox 278 3359 358 3403; x_wconf 90' lang='lat' dir='ltr'>uero</span> <span class='ocrx_word' id='word_1_190' title='bbox 379 3358 478 3423; x_wconf 88' lang='lat' dir='ltr'>porro</span> <span class='ocrx_word' id='word_1_191' title='bbox 504 3335 651 3422; x_wconf 89' lang='lat' dir='ltr'>quaestio</span> <span class='ocrx_word' id='word_1_192' title='bbox 672 3335 749 3402; x_wconf 90' lang='lat' dir='ltr'>hinc</span> <span class='ocrx_word' id='word_1_193' title='bbox 770 3348 820 3403; x_wconf 91' lang='lat' dir='ltr'>est</span> <span class='ocrx_word' id='word_1_194' title='bbox 836 3338 1038 3417; x_wconf 84' lang='lat' dir='ltr'>decidenda,</span> <span class='ocrx_word' id='word_1_195' title='bbox 1061 3338 1142 3424; x_wconf 87' lang='lat' dir='ltr'>quid</span> <span class='ocrx_word' id='word_1_196' title='bbox 1159 3363 1178 3405; x_wconf 86' lang='lat' dir='ltr'>a</span> <span class='ocrx_word' id='word_1_197' title='bbox 1197 3337 1324 3424; x_wconf 90' lang='lat' dir='ltr'>pupillo</span> <span class='ocrx_word' id='word_1_198' title='bbox 1345 3337 1437 3422; x_wconf 84' lang='lat' dir='ltr'>lega-</span> <span class='ocrx_word' id='word_1_199' title='bbox 1519 3409 1520 3422; x_wconf 11' lang='grc' dir='ltr'><em>Σ</em></span> 
     </span>
     <span class='ocr_line' id='line_1_29' title="bbox 279 3437 1520 3524; baseline -0.001 -22"><span class='ocrx_word' id='word_1_200' title='bbox 279 3449 346 3503; x_wconf 87' lang='lat' dir='ltr'>tum</span> <span class='ocrx_word' id='word_1_201' title='bbox 369 3459 441 3504; x_wconf 86' lang='lat' dir='ltr'>esse</span> <span class='ocrx_word' id='word_1_202' title='bbox 463 3447 631 3522; x_wconf 81' lang='lat' dir='ltr'>putemus,</span> <span class='ocrx_word' id='word_1_203' title='bbox 663 3446 694 3502; x_wconf 90' lang='lat' dir='ltr'>et</span> <span class='ocrx_word' id='word_1_204' title='bbox 716 3449 804 3505; x_wconf 84' lang='lat' dir='ltr'>certe</span> <span class='ocrx_word' id='word_1_205' title='bbox 823 3438 852 3505; x_wconf 90' lang='lat' dir='ltr'>si</span> <span class='ocrx_word' id='word_1_206' title='bbox 873 3438 946 3524; x_wconf 89' lang='lat' dir='ltr'>quis</span> <span class='ocrx_word' id='word_1_207' title='bbox 974 3447 1218 3519; x_wconf 74' lang='lat' dir='ltr'>,‚onerare“</span> <span class='ocrx_word' id='word_1_208' title='bbox 1250 3437 1439 3524; x_wconf 87' lang='lat' dir='ltr'>simpliciter</span> <span class='ocrx_word' id='word_1_209' title='bbox 1519 3447 1520 3518; x_wconf 69' lang='lat' dir='ltr'>t</span> 
     </span>
     <span class='ocr_line' id='line_1_30' title="bbox 278 3536 1438 3627; baseline -0.001 -24"><span class='ocrx_word' id='word_1_210' title='bbox 278 3538 375 3605; x_wconf 86' lang='lat' dir='ltr'>habet</span> <span class='ocrx_word' id='word_1_211' title='bbox 395 3559 455 3625; x_wconf 91' lang='lat' dir='ltr'>pro</span> <span class='ocrx_word' id='word_1_212' title='bbox 478 3536 666 3624; x_wconf 82' lang='lat' dir='ltr'>„legetis</span> <span class='ocrx_word' id='word_1_213' title='bbox 686 3547 914 3625; x_wconf 84' lang='lat' dir='ltr'>grauare,“</span> <span class='ocrx_word' id='word_1_214' title='bbox 936 3541 964 3607; x_wconf 91' lang='lat' dir='ltr'>is</span> <span class='ocrx_word' id='word_1_215' title='bbox 986 3541 1084 3608; x_wconf 82' lang='lat' dir='ltr'>etiam</span> <span class='ocrx_word' id='word_1_216' title='bbox 1105 3565 1126 3607; x_wconf 92' lang='lat' dir='ltr'>a</span> <span class='ocrx_word' id='word_1_217' title='bbox 1146 3539 1274 3627; x_wconf 90' lang='lat' dir='ltr'>pupillo</span> <span class='ocrx_word' id='word_1_218' title='bbox 1295 3539 1438 3626; x_wconf 85' lang='lat' dir='ltr'>legatum</span> 
     </span>
     <span class='ocr_line' id='line_1_31' title="bbox 280 3639 1123 3731; baseline 0.002 -24"><span class='ocrx_word' id='word_1_219' title='bbox 280 3662 352 3707; x_wconf 88' lang='lat' dir='ltr'>esse</span> <span class='ocrx_word' id='word_1_220' title='bbox 374 3639 478 3717; x_wconf 90' lang='lat' dir='ltr'>dicat,</span> <span class='ocrx_word' id='word_1_221' title='bbox 498 3661 635 3707; x_wconf 89' lang='lat' dir='ltr'>necesse</span> <span class='ocrx_word' id='word_1_222' title='bbox 655 3650 722 3719; x_wconf 89' lang='lat' dir='ltr'>est,</span> <span class='ocrx_word' id='word_1_223' title='bbox 743 3652 779 3709; x_wconf 92' lang='lat' dir='ltr'>ut</span> <span class='ocrx_word' id='word_1_224' title='bbox 795 3640 944 3709; x_wconf 83' lang='lat' dir='ltr'>Falcidia</span> <span class='ocrx_word' id='word_1_225' title='bbox 965 3666 1048 3731; x_wconf 91' lang='lat' dir='ltr'>opus</span> <span class='ocrx_word' id='word_1_226' title='bbox 1070 3643 1123 3709; x_wconf 91' lang='lat' dir='ltr'>sit.</span> 
     </span>
    </p>

    <p class='ocr_par' dir='ltr' id='par_1_9' title="bbox 278 3739 1518 4006">
     <span class='ocr_line' id='line_1_32' title="bbox 384 3739 1437 3829; baseline -0.002 -20"><span class='ocrx_word' id='word_1_227' title='bbox 384 3741 453 3809; x_wconf 85' lang='lat' dir='ltr'>Sed</span> <span class='ocrx_word' id='word_1_228' title='bbox 480 3739 576 3808; x_wconf 84' lang='lat' dir='ltr'>facile</span> <span class='ocrx_word' id='word_1_229' title='bbox 606 3763 647 3807; x_wconf 86' lang='lat' dir='ltr'>ex</span> <span class='ocrx_word' id='word_1_230' title='bbox 674 3740 755 3827; x_wconf 88' lang='lat' dir='ltr'>ipsis</span> <span class='ocrx_word' id='word_1_231' title='bbox 776 3742 886 3809; x_wconf 86' lang='lat' dir='ltr'>uerbis</span> <span class='ocrx_word' id='word_1_232' title='bbox 920 3745 1077 3822; x_wconf 87' lang='lat' dir='ltr'>„tractari</span> <span class='ocrx_word' id='word_1_233' title='bbox 1098 3745 1204 3824; x_wconf 93' lang='lat' dir='ltr'>solet,</span> <span class='ocrx_word' id='word_1_234' title='bbox 1238 3767 1279 3809; x_wconf 89' lang='lat' dir='ltr'>an</span> <span class='ocrx_word' id='word_1_235' title='bbox 1302 3766 1343 3809; x_wconf 86' lang='lat' dir='ltr'>ex</span> <span class='ocrx_word' id='word_1_236' title='bbox 1363 3765 1437 3829; x_wconf 91' lang='lat' dir='ltr'>per-</span> 
     </span>
     <span class='ocr_line' id='line_1_33' title="bbox 278 3844 1437 3929; baseline -0.001 -20"><span class='ocrx_word' id='word_1_237' title='bbox 278 3865 362 3911; x_wconf 87' lang='lat' dir='ltr'>sona</span> <span class='ocrx_word' id='word_1_238' title='bbox 390 3849 479 3909; x_wconf 85' lang='lat' dir='ltr'>sua“</span> <span class='ocrx_word' id='word_1_239' title='bbox 510 3854 570 3910; x_wconf 89' lang='lat' dir='ltr'>etc.</span> <span class='ocrx_word' id='word_1_240' title='bbox 600 3854 751 3929; x_wconf 79' lang='lat' dir='ltr'>apparet,</span> <span class='ocrx_word' id='word_1_241' title='bbox 782 3844 1013 3911; x_wconf 71' lang='lat' dir='ltr'>Parlrtmsvm</span> <span class='ocrx_word' id='word_1_242' title='bbox 1041 3854 1286 3924; x_wconf 89' lang='lat' dir='ltr'>,‚onerare“</span> <span class='ocrx_word' id='word_1_243' title='bbox 1316 3844 1437 3909; x_wconf 83' lang='lat' dir='ltr'>dixisse</span> 
     </span>
    </p>
   </div>
   <div class='ocr_carea' id='block_1_2' title="bbox 284 4045 483 4057">
    <p class='ocr_par' dir='ltr' id='par_1_10' title="bbox 284 4045 483 4057">
     <span class='ocr_line' id='line_1_34' title="bbox 284 4045 483 4057; baseline -0.005 0"><span class='ocrx_word' id='word_1_244' title='bbox 284 4045 483 4057; x_wconf 44' lang='grc' dir='ltr'>...ῃ-.-</span> 
     </span>
    </p>
   </div>
   <div class='ocr_carea' id='block_1_3' title="bbox 275 4187 1517 4443">
    <p class='ocr_par' dir='ltr' id='par_1_11' title="bbox 275 4115 1517 4496">
     <span class='ocr_line' id='line_1_35' title="bbox 314 4187 1436 4257; baseline -0.002 -16"><span class='ocrx_word' id='word_1_245' title='bbox 314 4189 360 4255; x_wconf 71' lang='lat'>⁵²)</span> <span class='ocrx_word' id='word_1_246' title='bbox 386 4190 475 4241; x_wconf 80' lang='lat' dir='ltr'>Etiam</span> <span class='ocrx_word' id='word_1_247' title='bbox 497 4188 540 4239; x_wconf 86' lang='lat' dir='ltr'>hic</span> <span class='ocrx_word' id='word_1_248' title='bbox 559 4190 593 4239; x_wconf 86' lang='lat' dir='ltr'>de</span> <span class='ocrx_word' id='word_1_249' title='bbox 612 4189 832 4257; x_wconf 85' lang='lat' dir='ltr'>interpunctione</span> <span class='ocrx_word' id='word_1_250' title='bbox 884 4187 1159 4255; x_wconf 83' lang='lat' dir='ltr'>‚,snbstitntns.“</span> <span class='ocrx_word' id='word_1_251' title='bbox 1207 4192 1274 4242; x_wconf 75' lang='lat' dir='ltr'>mhi</span> <span class='ocrx_word' id='word_1_252' title='bbox 1300 4192 1436 4256; x_wconf 77' lang='lat' dir='ltr'>posterior</span> 
     </span>
     <span class='ocr_line' id='line_1_36' title="bbox 275 4282 1517 4352; baseline -0.001 -18"><span class='ocrx_word' id='word_1_253' title='bbox 275 4284 463 4335; x_wconf 80' lang='lat' dir='ltr'>controuersia</span> <span class='ocrx_word' id='word_1_254' title='bbox 492 4288 542 4335; x_wconf 83' lang='lat' dir='ltr'>est.</span> <span class='ocrx_word' id='word_1_255' title='bbox 586 4282 642 4333; x_wconf 86' lang='lat' dir='ltr'>Alii</span> <span class='ocrx_word' id='word_1_256' title='bbox 660 4298 765 4333; x_wconf 84' lang='lat' dir='ltr'>comme</span> <span class='ocrx_word' id='word_1_257' title='bbox 782 4298 832 4348; x_wconf 90' lang='lat' dir='ltr'>po·</span> <span class='ocrx_word' id='word_1_258' title='bbox 882 4283 951 4332; x_wconf 82' lang='lat' dir='ltr'>ratio</span> <span class='ocrx_word' id='word_1_259' title='bbox 969 4285 1134 4348; x_wconf 66' lang='lat' dir='ltr'>praeplacet,</span> <span class='ocrx_word' id='word_1_260' title='bbox 1154 4285 1255 4348; x_wconf 77' lang='lat' dir='ltr'>deque</span> <span class='ocrx_word' id='word_1_261' title='bbox 1272 4285 1307 4335; x_wconf 82' lang='lat' dir='ltr'>ct.</span> <span class='ocrx_word' id='word_1_262' title='bbox 1323 4286 1434 4335; x_wconf 80' lang='lat' dir='ltr'>Hvscn·</span> <span class='ocrx_word' id='word_1_263' title='bbox 1515 4297 1517 4352; x_wconf 59' lang='lat' dir='ltr'><strong>J</strong></span> 
     </span>
     <span class='ocr_line' id='line_1_37' title="bbox 275 4374 1234 4443; baseline -0.001 -15"><span class='ocrx_word' id='word_1_264' title='bbox 275 4382 345 4429; x_wconf 86' lang='lat' dir='ltr'>nunt</span> <span class='ocrx_word' id='word_1_265' title='bbox 356 4382 422 4443; x_wconf 86' lang='lat' dir='ltr'>post</span> <span class='ocrx_word' id='word_1_266' title='bbox 438 4376 677 4441; x_wconf 83' lang='lat' dir='ltr'>,‚oneratns,“</span> <span class='ocrx_word' id='word_1_267' title='bbox 702 4376 749 4427; x_wconf 80' lang='lat' dir='ltr'>alii</span> <span class='ocrx_word' id='word_1_268' title='bbox 767 4380 833 4440; x_wconf 87' lang='lat' dir='ltr'>post</span> <span class='ocrx_word' id='word_1_269' title='bbox 882 4388 949 4427; x_wconf 78' lang='lat' dir='ltr'>inve</span> <span class='ocrx_word' id='word_1_270' title='bbox 967 4376 1031 4428; x_wconf 82' lang='lat' dir='ltr'>Vol.</span> <span class='ocrx_word' id='word_1_271' title='bbox 1048 4376 1098 4429; x_wconf 80' lang='lat' dir='ltr'>vl.</span> <span class='ocrx_word' id='word_1_272' title='bbox 1115 4390 1144 4441; x_wconf 81' lang='lat' dir='ltr'>p.</span> <span class='ocrx_word' id='word_1_273' title='bbox 1164 4374 1234 4428; x_wconf 74' lang='lat' dir='ltr'>tid..</span> 
     </span>
    </p>
   </div>
   <div class='ocr_carea' id='block_1_4' title="bbox 0 0 1538 5117">
    <p class='ocr_par' dir='ltr' id='par_1_12' title="bbox 0 0 1538 5117">
     <span class='ocr_line' id='line_1_38' title="bbox 0 0 1538 5117; baseline 0 1"><span class='ocrx_word' id='word_1_274' title='bbox 0 0 1538 5117; x_wconf 95' lang='lat' dir='ltr'> </span> 
     </span>
    </p>
   </div>
  </div>
 </body>
</html>
