3067 5117
282 458 342 528 158

281 610 383 677 uerba
402 610 583 690 „inuito
604 619 717 690 mc,“
742 636 825 699 quae
852 636 952 699 quum
973 610 1007 677 in
1029 622 1120 678 certa·
1145 610 1289 699 quadam
1313 610 1437 677 formu-

283 712 388 777 larum
416 711 525 797 specie
554 712 688 777 omnino
722 735 791 777 non
819 712 1042 790 inueniuntur,
1072 713 1105 777 in
1136 713 1207 778 aliis
1233 710 1356 797 passim
1384 711 1440 775 ad-

282 814 357 891 sint,
380 813 502 900 passim
524 814 640 891 absint,
663 814 717 896 (cl.
738 814 780 878 L.
805 814 852 880 14.
874 814 906 896 §-
930 816 976 891 l.,
997 814 1038 879 L.
1050 815 1098 879 17.
1120 836 1168 899 pr.
1192 813 1219 876 si
1241 836 1340 880 serua
1361 835 1439 877 con-

281 924 330 979 tra
349 914 391 979 L.
413 915 462 982 17.
485 914 518 997 S.
541 916 570 981 1.
591 914 651 995 ib.)
675 916 791 979 merito
814 913 1008 1000 ambigitur,
1036 924 1144 979 utrum
1165 936 1294 999 semper
1315 914 1442 978 incuria

281 1025 404 1080 tantum
426 1015 490 1079 sint
512 1015 650 1093 omissa,
682 1015 771 1101 quod
800 1014 888 1080 haud
915 1038 989 1081 raro
1019 1016 1138 1081 factum
1159 1037 1251 1091 csse,
1273 1014 1442 1079 euidenter

280 1116 421 1203 probant
440 1115 506 1182 loci
526 1116 582 1179 uix
604 1116 710 1193 allati,
756 1140 799 1181 an
828 1136 907 1181 uero
930 1115 1052 1202 passim
1075 1125 1199 1181 tantum
1221 1138 1282 1201 pro
1303 1115 1441 1181 libidine

281 1216 447 1302 agentium
466 1216 688 1296 usuuenerint,
709 1241 749 1283 an
772 1217 913 1303 denique
932 1227 1021 1283 certa
1042 1217 1082 1281 de
1103 1216 1143 1280 iis
1163 1215 1278 1303 regula
1298 1215 1341 1280 sit
1362 1238 1441 1280 con-

281 1316 453 1383 stituenda.

383 1418 438 1483 Ex
457 1417 668 1484 formularum
685 1419 812 1505 itaque,
836 1440 932 1504 quem
953 1417 1121 1495 dedimus,
1143 1427 1321 1503 conspectu
1343 1427 1442 1504 patet,

280 1519 315 1584 iu
344 1518 546 1585 confessoria
570 1519 613 1585 de
643 1520 811 1586 usufructu
838 1519 958 1597 uerba,
995 1518 1035 1583 de
1067 1519 1184 1604 quibus
1213 1520 1339 1606 agitur,
1375 1542 1442 1583 non

281 1642 471 1697 occurrere,
520 1643 627 1705 neque
666 1621 788 1706 magis,
837 1620 925 1705 quod
967 1619 1078 1685 nescio
1113 1644 1154 1686 an
1193 1620 1441 1706 praeteruiderit

280 1722 504 1789 Sonumrlvs
543 1720 579 1785 iu
621 1720 687 1785 ulla
718 1721 864 1786 'formula
907 1721 1108 1787 consensoria
1145 1722 1186 1786 de
1230 1720 1441 1786 seruitutibus

278 1824 487 1909 praediorum
507 1822 700 1888 rusticorum
720 1823 841 1887 insunt.
882 1822 920 1887 In
944 1822 1145 1887 confessoris
1165 1822 1206 1887 de
1229 1824 1440 1888 seruitutibus

278 1924 485 2009 praediorum
507 1924 706 1989 urbanorum
726 1923 848 2009 passim
871 1946 911 1987 ea
930 1922 1087 2001 inueniri,
1117 1923 1183 1989 loci
1206 1924 1294 1989 allati
1317 1934 1439 1989 testan-

277 2038 338 2089 tur.
381 2025 605 2091 Scnruumvs
628 2026 675 2111 (p
699 2023 785 2106 157.)
809 2022 885 2087 hinc
913 2022 1069 2102 coniecit,
1098 2023 1139 2088 de
1168 2024 1339 2091 usufructu
1368 2024 1439 2109 qui-

277 2126 351 2190 dem
373 2136 405 2191 et
423 2128 538 2193 ceteris
566 2124 774 2192 seruitutibus
795 2123 1023 2210 personalibus
1053 2124 1245 2211 simpliciter
1266 2126 1312 2191 ita
1333 2138 1438 2192 actum

278 2247 366 2291 esse:

427 2347 490 2394 s1.
519 2334 727 2394 rannr.n⁰
754 2376 763 2392 .
787 2334 829 2393 n⁰
854 2347 971 2394 .1vs.
1001 2346 1083 2395 essu
1116 2346 1281 2394 .vrnnnr
1313 2378 1322 2393 .
1350 2350 1437 2395 nnv-

428 2449 514 2495 uum
537 2448 687 2497 ‚uvuuo
709 2478 718 2496 .
739 2447 935 2497 carnutum.

276 2531 311 2596 in
352 2530 485 2615 reliquis
523 2543 629 2597 autem
666 2530 875 2597 seruitutibus
909 2530 986 2597 addi
1026 2531 1209 2617 oportuisse
1265 2532 1435 2611 „inuito

278 2640 375 2698 me.“
417 2632 455 2699 Si
477 2633 549 2717 quis
571 2632 657 2697 enim
676 2632 843 2699 intendat:

428 2752 461 2799 sl
483 2780 490 2797 .
511 2752 626 2799 PARET
651 2782 659 2797 .
680 2754 739 2801 rvs
762 2782 769 2797 .
791 2754 874 2801 ,essu
899 2782 907 2799 .
928 2754 1055 2801 Anulus
1077 2753 1294 2800 .TOLL1ruD1.

280 2834 417 2900 actionis
441 2833 573 2918 quidem
592 2834 821 2900 ‘confessorias
849 2835 980 2900 solitum
1007 2836 1250 2901 fundamentum
1278 2835 1358 2901 huic
1387 2836 1436 2902 in-

283 2936 421 3001 tentioni
440 2934 567 3013 inesse,
599 2935 649 2999 ius
671 2936 796 3000 scilicet
821 2936 923 3001 actori
951 2936 1114 3002 seruitutis
1141 2936 1273 3001 nomine
1304 2960 1437 3023 compe-

278 3050 361 3103 tens.
401 3036 572 3103 Victurum
592 3036 701 3121 itaque
723 3059 798 3101 eum
822 3060 913 3114 esse,
946 3037 1154 3123 probantem,
1187 3038 1220 3101 in
1244 3032 1361 3102 lundo'
1378 3060 1435 3102 suo

277 3138 388 3224 aliquo
416 3136 547 3202 tandem
573 3137 672 3201 modo
698 3137 749 3201 ius
779 3136 874 3201 altius
903 3137 1039 3203 tollendi
1067 3137 1129 3202 sibi
1156 3147 1353 3223 competere.
1394 3141 1436 3202 At

277 3262 356 3304 uero
379 3247 513 3324 propter
534 3236 638 3320 ipsam
665 3238 802 3303 realium
830 3240 1020 3304 seruitutum
1049 3240 1090 3303 od
1120 3250 1241 3304 certum
1270 3238 1434 3323 quoddam

278 3338 447 3426 praedium
469 3338 678 3415 relationem,
710 3338 833 3426 duplex
861 3362 933 3405 esse
960 3340 1079 3405 debere
1107 3339 1297 3404 intentionis
1316 3339 1433 3404 funda-

276 3452 436 3507 mentum:
466 3440 606 3526 primum
624 3440 710 3504 enim
729 3442 893 3507 contineat
916 3464 998 3528 opus
1020 3462 1092 3505 esse
1119 3439 1282 3505 seruitutis
1303 3441 1429 3527 petitio·

277 3566 363 3618 nem,
385 3541 504 3607 deinde
527 3563 606 3607 uero
630 3541 940 3608 demonstrationem
968 3542 1046 3607 iuris
1077 3554 1191 3607 contra
1214 3542 1321 3628 ipsum
1343 3565 1431 3607 reum

278 3643 458 3730 dirigendi:
485 3653 516 3708 et
535 3642 599 3707 boo
620 3642 755 3707 alterum
779 3643 915 3729 exprimi
937 3644 1047 3710 uerbis
1078 3644 1247 3727 „inuito
1268 3644 1316 3709 N⁰
1337 3644 1431 3709 N⁰.“

275 3746 314 3809 ln
336 3744 543 3810 seruitutibus
566 3753 674 3809 autem
693 3743 922 3829 personalibus
948 3768 1016 3811 non
1039 3768 1122 3831 opus
1150 3767 1222 3810 esse
1247 3744 1311 3809 hoc
1339 3744 1430 3809 addi-

276 3846 446 3911 dament0:
467 3846 502 3909 in
521 3845 631 3910 uerbis
652 3846 756 3911 enim:

427 3954 1119 4013 s1.rsanr.1vs.'ussu.vr1.rnv1
1148 3994 1156 4010 .
1187 3962 1309 4011 nunno
1335 3994 1344 4010 .
1368 3963 1428 4011 on-

422 4066 570 4113 rmum.

275 4163 306 4217 et
327 4150 519 4237 positiuum‚
546 4158 582 4213 ut
605 4148 651 4213 ita
676 4149 800 4225 dicam,
840 4149 975 4214 actionis
996 4150 1242 4215 fundamentum
1269 4150 1377 4214 inesse
1399 4158 1428 4213 et

273 4255 405 4341 plenam
426 4250 505 4315 iuris
531 4248 676 4314 indolem
696 4260 729 4314 et
747 4248 1010 4334 descriptionem.
1059 4250 1149 4315 Nihil
1178 4251 1264 4314 enim
1292 4250 1333 4315 ad
1359 4272 1425 4313 ser-

274 4354 393 4420 uitutes
422 4349 613 4439 personales
634 4350 797 4435 pertinere
823 4348 1044 4435 duplicitatem
1069 4350 1159 4415 illam
1181 4350 1327 4416 realium.
1368 4349 1425 4413 Ti-
