3067 5117
1212 484 1272 551 147

108 636 317 701 statuendum
344 654 433 700 esse:
481 633 607 710 Titius,
642 634 873 720 Sempronius,
910 636 1013 702 Gaius
1048 634 1148 699 uicini
1180 644 1264 697 eunt.

105 733 482 820 Semproniusinmedio
502 733 708 799 ultraLXX.
716 736 817 820 pedes
825 736 896 799 uult
911 736 1096 812 aedificare,
1118 734 1194 798 licet
1213 734 1265 797 hio

2 895 3 906 ,
104 836 429 901 modusstatutuesit.
452 834 638 917 Quaeritur,
653 835 823 899 cuiusnam
832 836 1007 922 praecipue
1022 835 1158 911 intersit,
1178 834 1262 898 neitl

2 943 3 1016 ᾗ
103 937 170 1001 liat.
195 938 246 1003 Ac
255 935 370 1022 procul
380 934 480 1000 dubio
489 935 755 1021 respondendum
764 948 823 1014 eat,
839 938 996 1003 interesse
1005 936 1198 1011 uicinorum,
1208 935 1263 1018 (ci.

3 2919 5 2932 .
104 2883 158 2947 13.,
176 2886 206 2935 1..
228 2883 270 2935 tr.
293 2882 351 2947 §.h
377 2884 408 2933 Ο.
440 2886 474 2933 de
505 2886 565 2934 aed.
588 2885 657 2947 pria.

103 1039 293 1103 Hortarius
312 1039 399 1122 Epp.
421 1037 449 1101 ·1.
468 1036 515 1103 18.
527 1037 607 1121 m),
631 1036 722 1102 uelut
736 1037 850 1121 procul
866 1040 966 1104 dubio
991 1038 1165 1125 praecipue
1180 1035 1262 1100 uici-

103 1138 154 1202 nia
169 1135 407 1203 consulendum
428 1147 497 1201 erat
517 1136 582 1201 hcc
602 1138 701 1204 modo
722 1148 798 1224 post
818 1138 1005 1205 incendium
1026 1138 1262 1203 Neronianum.

103 1237 192 1304 Cum
222 1237 272 1302 his
295 1238 405 1323 itaque
436 1237 679 1323 stipulatur‚²³)
709 1249 745 1302 ut
772 1239 866 1305 altius
889 1240 1052 1305 aedificari
1083 1239 1261 1325 patiantur:

100 1340 224 1423 itaque,
241 1360 341 1423 qaum
362 1338 471 1426 operis
482 1339 562 1405 noui
577 1339 737 1404 nuntiatio
756 1340 898 1407 anicinis
910 1364 977 1406 non
990 1340 1047 1405 liat
1055 1342 1108 1417 (L.
1123 1342 1150 1406 1.
1165 1341 1197 1423 §-
1212 1342 1260 1405 17.

101 1438 198 1504 deo.
212 1438 245 1503 N
257 1439 334 1522 .N.),
349 1462 410 1504 nec
427 1439 516 1504 ciuili
532 1440 659 1506 actione
674 1439 715 1505 ab
730 1438 771 1504 iis
779 1441 984 1528 impediatur,
1009 1440 1088 1505 nihil
1102 1451 1261 1526 superest,

101 1540 166 1605 nisi
186 1549 225 1605 ut
242 1541 305 1605 iuri
322 1540 454 1628 publico
476 1542 533 1607 liat
551 1540 726 1606 obnoxius.
765 1541 818 1606 Ah
839 1541 901 1607 hac
923 1558 1029 1608 autem
1059 1552 1150 1627 parte
1179 1540 1259 1604 nihil

101 1642 328 1734 impedimenti
348 1642 447 1709 obiici
466 1644 623 1720 soluisse,
645 1642 699 1708 uel
722 1666 763 1709 eo
786 1654 929 1730 apparet,
950 1643 1039 1728 quod
1060 1643 1190 1728 saepius
1210 1644 1258 1708 lc-

102 1764 164 1827 gee
186 1742 263 1808 illae
284 1753 360 1808 eunt
379 1743 531 1822 iteratae,
564 1755 595 1810 et
618 1744 773 1811 continua
798 1746 990 1832 scriptorum
1019 1745 1060 1809 de
1092 1743 1259 1809 altitudine

102 1843 328 1909 aedificiorum
362 1857 489 1911 exstant
525 1846 720 1912 documenta
736 1848 808 1931 ²⁴),
849 1857 1075 1933 praeterquam
1109 1846 1198 1931 quod
1232 1845 1259 1907 si

2 2209 4 2228 ζ
137 2149 186 2215 ²³)
204 2156 267 2203 Huc
284 2152 348 2203 iacit
368 2153 400 2203 L.
431 2150 473 2203 11.
506 2152 529 2214 §-
563 2150 586 2202 1.
621 2152 655 2200 de
741 2154 929 2203 carnotenus
950 2152 990 2201 dc
1009 2150 1256 2202 cons.Stilichonis

102 2246 130 2296 S.
149 2246 182 2296 P.
204 2246 251 2295 V.:
777 2240 1082 2295 mulctatione:

156 2337 205 2401 „si
226 2337 298 2402 inter
321 2336 362 2386 Te
381 2341 410 2385 et
426 2335 544 2385 uicinum
566 2337 657 2386 Tuum
707 2336 787 2401 „Qua
818 2336 883 2385 nihil
913 2335 942 2386 in
965 2338 1043 2386 terris
1073 2338 1261 2402 complectitur

154 2445 213 2479 uon
235 2428 377 2490 conuenit,
406 2429 442 2477 ad
465 2442 545 2492 quam
566 2428 657 2477 altitu·
1058 2428 1139 2479 altius
1158 2432 1260 2493 aether,

158 2521 248 2571 dinem
277 2518 374 2569 extolli
409 2518 544 2580 aedilicia,
587 2533 656 2582 quae
708 2553 1259 2573 .....................

158 2612 248 2663 tacere
266 2610 418 2672 instituisti,
436 2616 570 2673 oporteat,
589 2610 659 2660 arbi·
709 2646 979 2664 ...........
996 2626 1065 2676 quse
1083 2614 1145 2662 lnce
1161 2614 1263 2662 metalli

155 2707 228 2749 trurn
246 2705 368 2767 accipere
391 2701 517 2765 poteris“
709 2706 827 2756 Aemula
864 2705 958 2754 uicinis
999 2704 1106 2765 fastigia
1143 2704 1263 2753 conserit

103 2793 146 2843 Cf.
171 2793 275 2843 initium
299 2794 379 2843 huius
397 2791 567 2856 paragraphi,
589 2792 659 2843 Nor.
1084 2794 1190 2844 astris.“

743 2932 911 2983 Puraoruvs
931 2928 987 2979 Set.
1009 2941 1031 2977 c.
1050 2926 1109 2978 120.
1129 2925 1185 2979 tt:

3 3019 5 3036 ,
101 2976 194 3039 (vm,
213 2974 274 3039 tu),
297 2989 379 3041 quem
395 2980 488 3025 tamen
503 2976 594 3025 locam
611 2976 660 3025 ali·

102 3073 146 3117 ter
163 3067 357 3131 interpretatus
376 3068 658 3118 estDuvrscnnanu-

708 3044 879 3108 „Aedificant
909 3054 975 3091 saro
1007 3040 1141 3103 sedesque
1165 3042 1200 3088 ad
1228 3041 1261 3089 si·

103 3174 199 3209 nunus
220 3162 242 3223 §.
261 3157 295 3210 3..
316 3160 342 3209 A
362 3158 442 3209 nobis
461 3164 515 3208 stat
530 3156 656 3208 Nrnvnn·
1045 3132 1109 3180 ‘¹³¹²
1128 3130 1262 3181 mittumf‘

104 3266 160 3301 ave
186 3267 213 3316 p.
235 3250 277 3301 st.
301 3256 331 3299 et
347 3243 485 3300 Bruuius
503 3250 526 3311 ξ.
548 3248 581 3298 5..
615 3250 657 3299 Cl-
744 3264 1063 3316 Suauuacontrou.11.
1092 3264 1128 3315 ta

102 3344 206 3392 Frena
223 3358 248 3406 p.
271 3341 328 3393 tlt.
350 3358 424 3393 num.
442 3340 475 3391 8..

139 3432 188 3498 ²⁴)
224 3436 268 3485 Ex
299 3435 340 3485 his
370 3435 532 3499 scriptorum
561 3430 657 3492 effatis,

102 3542 175 3591 quae
221 3532 284 3576 sunt
329 3531 461 3576 sexcenta
502 3522 660 3585 dignissima

102 3619 238 3681 quaedam
255 3620 357 3668 aliero:

137 3710 298 3760 Iuventus
319 3709 376 3761 Sat
397 3708 491 3761 x1111.
505 3705 566 3756 sc:

102 3800 288 3863 ,‚Aedilicstor
305 3807 363 3851 erat
379 3799 526 3852 Cetronius
548 3834 555 3847 .
575 3834 582 3846 .
600 3832 607 3846 .

778 3380 888 3441 „Aedes
906 3379 997 3442 ipsae,
1023 3392 1089 3442 quas
1112 3379 1141 3429 in
1159 3384 1263 3429 tantum

781 3477 991 3531 exstruxerunt,
1029 3476 1059 3520 ut
1095 3472 1192 3521 domus
1229 3474 1263 3520 ad

780 3578 860 3613 usum
885 3569 912 3611 et
931 3562 1126 3611 munimentum
1152 3570 1262 3625 paratae

782 3656 836 3705 sint
854 3669 925 3705 nuuc
937 3654 1085 3718 periculo,
1110 3669 1166 3705 nou
1185 3670 1262 3717 prae-

782 3746 869 3797 sidio:
897 3752 972 3795 tanta
991 3746 1106 3795 altitudo
1126 3745 1262 3794 aedificio-

778 3853 838 3888 rum
864 3844 906 3888 ost
928 3843 1074 3901 tantaeque
1092 3836 1196 3885 nicrum
1214 3852 1262 3887 an-

780 3930 902 3993 ganuae*
922 3936 981 3979 etc..

104 4076 232 4127 Culmina
255 4077 381 4127 uillarum
408 4106 657 4126 ..........
743 4067 862 4117 Sannoi
887 4062 993 4113 consol.
1015 4063 1050 4110 ad
1070 4062 1150 4113 Helu.
1170 4079 1192 4114 c.
1208 4064 1246 4115 a:

781 4158 860 4222 „Quo
885 4154 969 4206 altius
988 4159 1075 4203 turres
1095 4156 1262 4219 sustulerint,

8 4261 9 4268 ’
102 4262 141 4311 Vt
160 4262 248 4324 spado
268 4261 395 4311 uincebat
412 4257 546 4323 Capitolia
564 4260 668 4331 nostra
779 4276 816 4286 -
845 4264 899 4313 quo
928 4245 1024 4295 maiori
1055 4248 1128 4296 mole
1157 4248 1263 4309 lastigie

354 4356 360 4369 ‘
447 4330 590 4401 Posidea&
781 4340 973 4391 coenationum
992 4338 1175 4388 subuerterint.

996 4422 1064 4487 10*
