3067 5117
296 409 358 481 Μ

297 579 395 643 quam
415 569 515 630 totam
532 559 616 628 hanc
636 560 822 648 analogiam
842 562 885 627 ad
903 561 1008 627 solam
1033 561 1083 626 rei
1117 559 1371 626 uindicationem
1398 583 1446 626 re·

295 660 372 726 lerri
393 682 502 748 posse,
525 661 656 728 minime
679 684 758 728 uero
781 661 823 726 ad
843 662 1004 728 actionem
1023 663 1238 748 negatoriam.
1272 659 1325 726 Ol.
1344 662 1446 726 Esse-

294 779 362 828 nvs
383 761 489 846 pta,
511 761 880 846 Vonnsacrrrvss.1t).
908 765 967 840 tt,
987 764 1289 828 bflrrnnuarnavs
1317 785 1351 847 p.
1370 763 1446 838 297,

294 860 501 928 Francurvs
522 883 555 946 p.
575 861 637 939 30,
660 862 922 929 Venenaovrvs
943 863 966 930 l.
988 863 1023 942 l.‚
1044 887 1145 951 cupra
1162 866 1195 948 s.
1218 865 1351 944 tim).

395 964 439 1030 At
460 985 539 1028 uero
568 983 681 1028 ornnes
701 962 759 1028 has
781 963 822 1028 de
844 964 1087 1050 comparatione
1107 962 1264 1029 libertatis
1284 962 1445 1027 hominum

293 1085 397 1149 nugas
421 1063 485 1130 alia
515 1074 607 1130 ueste
638 1064 766 1130 indutas
801 1087 912 1129 rursus
944 1065 978 1129 in
1000 1064 1144 1130 medium
1162 1063 1317 1150 protulit,
1355 1085 1445 1147 quem

293 1164 358 1230 iam
377 1164 600 1243 laudauirnus‚
622 1166 776 1242 Parme,
798 1166 1001 1232 Scuwnrrn
1022 1166 1149 1231 assecla
1169 1165 1365 1241 acerrimus,
1397 1163 1445 1228 cui

291 1265 319 1332 si
339 1265 438 1332 fidem
459 1265 579 1334 habere
601 1267 710 1350 utique
732 1266 901 1344 nollemus,
926 1268 1118 1352 omnesqui
1141 1265 1374 1352 spectabilibus
1396 1286 1444 1328 ar·

291 1367 453 1452 gumentis
474 1389 535 1452 pro
565 1378 673 1434 actore
695 1366 728 1431 in
761 1369 931 1452 negatoria
963 1378 1138 1445 steterunt,
1175 1367 1371 1454 ineptiarum
1397 1391 1444 1431 ar·

290 1491 390 1554 gnere
424 1467 635 1545 deberemus,
670 1478 758 1534 tanta
788 1470 839 1533 uir
870 1469 926 1535 ille
963 1470 1015 1534 sui
1048 1469 1250 1534 conscicntia
1287 1468 1443 1534 inauditas

288 1570 428 1655 praefert
449 1568 633 1654 opiniones,
653 1592 733 1654 quas
754 1570 990 1636 neaddnbitari
1010 1571 1144 1656 quidem
1162 1593 1273 1656 posse,
1296 1572 1368 1658 ipse
1386 1569 1444 1634 sibi

288 1693 479 1759 persuasum
499 1669 606 1746 habet,
632 1670 714 1747 aliis,
736 1671 771 1735 ni
788 1671 895 1750 fallor,
916 1672 1035 1738 frustra
1053 1673 1251 1757 persuadere
1268 1672 1443 1739 conabitur.

391 1772 459 1854 Qui
480 1795 580 1856 quum
599 1795 632 1860 p.
649 1771 718 1839 209.
741 1771 836 1838 huius
866 1774 908 1839 de
927 1773 1084 1838 libertatis
1114 1773 1283 1839 hominurn
1316 1797 1442 1858 compa·

286 1874 412 1939 ratione
431 1874 521 1938 rixae
548 1883 698 1960 respectu
738 1874 780 1938 ad
815 1896 919 1939 nouas
952 1897 1086 1960 prorsus
1115 1875 1258 1940 rationes
1285 1873 1439 1941 ineundas

286 1975 461 2060 perductus
483 1974 542 2051 sit,
572 1975 669 2040 liceat
689 1974 767 2038 milri
789 1975 851 2040 hac
872 1975 1078 2061 paragrapho
1100 1975 1281 2062 paullisper
1302 1978 1336 2040 in
1357 1997 1440 2041 com·

204 2093 207 2099 '
286 2076 404 2142 mentis
426 2075 496 2140 eius
518 2075 728 2141 recensendis
749 2074 886 2141 uersari.

389 2178 688 2242 Mirrnnnnlunvs
709 2199 742 2262 p.
763 2178 846 2253 297,
870 2186 905 2240 ut
927 2177 1203 2262 comparationem
1223 2177 1363 2244 actionis
1384 2198 1438 2240 ne·

285 2278 430 2364 gateriae
453 2301 526 2344 eum
544 2278 672 2343 liberali
692 2278 814 2342 iudicio
836 2278 1036 2364 reprimeret,
1058 2277 1195 2342 multum
1216 2278 1337 2343 iccirco
1364 2277 1440 2341 inter

286 2390 455 2463 utrumque
475 2379 585 2444 docuit
608 2380 784 2455 interesse,
811 2377 899 2462 quod
920 2377 1065 2442 dominia
1085 2378 1216 2462 quidem
1244 2380 1357 2444 omnia
1386 2399 1438 2440 na·
1524 2418 1525 2457 3

286 2478 432 2544 turaliter
454 2479 518 2547 sint
538 2479 658 2556 libera,
696 2489 763 2544 toto
798 2500 877 2544 uero
905 2476 975 2543 iure
1006 2479 1156 2546 Romano
1188 2480 1229 2544 de
1258 2477 1437 2544 homiuibus
1524 2494 1525 2517 ³

285 2579 401 2644 nullibi
422 2579 510 2645 idem
530 2579 751 2666 praedicetur,
783 2579 841 2645 sed
864 2579 981 2664 partim
1003 2578 1126 2646 liberos
1155 2603 1215 2646 eos
1237 2581 1357 2666 partim
1375 2600 1438 2642 ser·

284 2702 344 2745 uos
364 2702 436 2746 esse
461 2680 645 2746 affirmetur.
686 2682 800 2766 Itaque
830 2680 858 2744 si
886 2681 959 2765 quis
987 2681 1152 2748 hominem
1178 2704 1215 2747 se
1242 2677 1436 2766 probauerit,

283 2780 434 2865 —quod
461 2783 592 2867 quidem
615 2782 810 2869 probatione
835 2782 1026 2870 plerumque
1059 2807 1127 2848 non
1156 2783 1283 2869 indiget
1303 2819 1345 2830 -··
1368 2778 1437 2844 inde

284 2883 530 2950 conclusionem
549 2884 621 2950 fieri
640 2907 708 2949 non
725 2907 843 2971 posse,
872 2895 979 2950 utrum
999 2884 1083 2950 liber
1104 2885 1207 2950 sitan
1229 2906 1363 2960 seruus,
1391 2879 1436 2945 sin

283 2995 389 3048 autern
411 2984 483 3068 quis
505 2986 673 3050 dominum
694 3009 729 3051 se
752 2985 951 3063 exhibuerit,
976 2986 1071 3052 simul
1094 2985 1270 3074 consequi,
1302 2996 1339 3050 ut
1359 2983 1435 3048 alios

282 3108 302 3150 a
328 3107 364 3149 re
386 3106 445 3150 sua
473 3085 668 3151 excludendi
690 3088 740 3153 ius
767 3089 798 3153 ei
823 3087 1031 3154 tribuendum
1060 3089 1118 3167 sit,
1153 3088 1217 3154 nisi
1247 3087 1434 3173 exceptione

282 3186 479 3251 contrarium
498 3187 615 3273 probet
638 3188 854 3255 aduersarius.

384 3289 481 3354 Hane
504 3290 695 3355 sententiam
718 3302 830 3376 utpote
856 3291 1085 3369 rectissimam,
1120 3314 1220 3376 quum
1248 3292 1342 3358 aliter
1368 3291 1433 3355 Pt-

282 3407 362 3454 Plvs
385 3390 522 3476 aggredi
541 3413 607 3455 non
629 3390 771 3469 ualeret,
802 3393 950 3459 miranda
971 3393 1111 3479 quadam
1139 3393 1276 3460 andacia
1303 3389 1433 3458 dominii

282 3490 505 3557 definitionem
526 3516 545 3558 a
566 3493 699 3558 summis
728 3505 853 3562 etanta
880 3507 911 3560 et
935 3506 1011 3580 post
1035 3495 1180 3562 Pirria
1209 3489 1431 3559 iureconsultis

280 3603 467 3660 constanter
488 3593 579 3678 (licet
599 3593 670 3664 aliis
688 3594 851 3662 interdum
871 3595 995 3677 uerbis)
1017 3595 1236 3680 propositam,
1258 3593 1429 3660 dominium

281 3693 405 3759 scilieet
425 3694 476 3760 ius
499 3719 570 3762 esse
591 3695 726 3782 plenum
745 3706 778 3760 et
799 3695 1003 3763 exclusiuum
1024 3694 1057 3758 in
1078 3718 1114 3762 re
1135 3695 1263 3782 aliqua,
1293 3704 1429 3761 euertere

279 3794 478 3881 periclitatus
495 3808 555 3877 est,
577 3819 781 3874 asseuerans,
803 3807 868 3862 tam
886 3796 1001 3864 falsam
1022 3819 1095 3864 eam
1117 3821 1210 3878 esse,
1239 3821 1336 3884 quam
1355 3791 1429 3860 falsa

281 3981 480 3994 Μ

315 4101 360 4169 ⁶¹)
388 4105 493 4157 Rursus
519 4104 641 4156 defendit
667 4105 738 4157 hanc
764 4119 830 4155 ana·
879 4103 1059 4156 Scnrurmvs
1077 4118 1106 4168 p.
1123 4101 1167 4156 26.
1193 4103 1218 4152 ei
1235 4102 1316 4152 tidem
1334 4100 1424 4152 habere

275 4179 375 4261 logiam
400 4198 598 4250 Sanianum
624 4215 651 4262 p.
678 4197 751 4261 1⁷3„
781 4200 830 4247 ssd
880 4196 996 4247 uidetur.
1047 4195 1183 4258 Singulari
1219 4196 1325 4246 ratione
1360 4195 1424 4243 hune

275 4299 330 4342 tam
348 4293 482 4342 debilibus
500 4291 676 4356 argumentis,
694 4296 726 4340 ut
745 4288 828 4339 silen·
880 4289 1111 4352 comparationem
1139 4287 1234 4337 elisam
1268 4287 1323 4338 nidi
1356 4285 1422 4350 apud

275 4385 313 4436 tio
355 4386 445 4452 possit
484 4383 672 4450 praetermitti.
737 4381 828 4433 Etiam
878 4383 1005 4432 Baoxnu
1022 4381 1044 4445 5.
1061 4378 1113 4434 28..
