3067 5117
1248 356 1289 423 23

210 523 295 591 ratio
338 520 511 589 haberetur
549 528 581 587 et
623 516 729 584 solida
770 516 880 599 legata
918 517 1168 599 praestarentur.
1221 503 1291 573 Sed

204 625 271 693 hoe
293 625 339 691 ita
360 646 473 691 uerum
492 632 560 701 est,
595 620 623 687 si
644 618 731 685 filius
754 631 927 703 antequam
947 613 1032 701 patri
1049 613 1145 679 heres
1167 607 1287 676 existe-

206 740 276 805 ret,
296 724 512 793 decessisset‘
534 733 615 800 eta,

232 829 329 913 Quos
358 827 442 893 inter
471 826 563 893 looos
600 823 689 890 haud
716 822 915 889 mediocrem
949 828 1078 883 exstare
1105 810 1285 881 sententiae

122 930 351 999 diuersitatem
372 916 495 993 dudum
515 926 814 993 animaduerterunt
839 922 1050 1008 interpretes,
1086 914 1144 1003 qui
1175 911 1284 981 multis

121 1033 233 1101 modis
254 1031 371 1097 tollere
394 1051 466 1095 eam
491 1027 693 1095 studuerunt.

230 1134 492 1203 Vsuonnovrvs
508 1130 548 1197 P.
591 1150 625 1215 p.
641 1130 723 1205 473„
751 1128 793 1191 A.
821 1148 854 1212 p.
877 1125 948 1193 319.
966 1147 999 1189 n.
1015 1126 1075 1201 to..
1098 1120 1286 1189 evacua

120 1237 208 1303 Obs.
217 1235 297 1312 XV,
310 1234 369 1313 15,
380 1228 763 1315 Pmnnonvnprtu,
778 1226 979 1293 Cnnsrvrrl.
997 1225 1020 1289 i.
1037 1223 1127 1312 pat.
1155 1229 1284 1290 secutus

119 1339 165 1405 L.
181 1338 234 1405 87.
257 1337 290 1419 S·
309 1335 340 1401 4.
370 1335 467 1403 aliam
487 1355 622 1423 prorsus
644 1330 788 1419 speciem
809 1328 961 1415 opinatur
977 1323 1181 1414 suppositam
1200 1345 1284 1399 esse,

122 1462 196 1504 eam
220 1434 361 1512 scilieet,
384 1433 412 1497 si
429 1442 563 1499 testator
582 1433 654 1521 ipse
671 1432 725 1497 uel
742 1430 938 1518 generaliter
948 1427 1092 1515 legando
1115 1419 1289 1512 „quisquis

121 1538 205 1605 mihi
223 1537 317 1603 heres
329 1533 422 1612 erit‚“
445 1534 500 1601 uel
519 1534 629 1621 legata
649 1559 669 1599 a
689 1532 861 1599 substituto
871 1529 1050 1617 repetendo
1068 1529 1111 1595 ad
1127 1530 1288 1597 soluenda

121 1640 211 1706 hune
232 1638 341 1725 legata
360 1634 577 1703 adstrinxerit.
617 1636 709 1701 Haeo
729 1645 837 1699 autem
856 1632 1000 1720 supponi
1019 1631 1205 1701 necessario
1225 1630 1284 1698 de·

122 1743 203 1807 bere
228 1762 268 1806 eo
291 1738 477 1816 confirmat,
498 1736 588 1823 quod
609 1747 683 1801 ante
713 1736 905 1822 rescriptum
925 1735 1061 1803 Savum
1094 1733 1137 1799 Ιι.
1164 1735 1215 1801 74.
1244 1732 1286 1799 de

122 1843 193 1930 leg.
215 1842 243 1907 Ι.
266 1838 419 1925 (XXX.)
449 1838 583 1903 omnino
610 1839 719 1925 legata
748 1836 840 1903 alteri
865 1836 978 1903 heredi
1005 1834 1159 1920 imposita
1188 1856 1285 1921 prae·

123 1943 200 2011 stite
226 1964 295 2009 non
317 1940 446 2007 fuerint.
466 1941 517 2025 ²²)

231 2041 332 2126 Quod
352 2041 558 2109 ratiocinium
587 2040 663 2107 lieet
691 2051 816 2108 rectum
845 2061 918 2107 esse
944 2037 1066 2127 possit,
1104 2061 1144 2107 eo
1176 2049 1284 2106 tamen

123 2146 205 2213 uitio
228 2144 371 2221 laborat,
394 2142 484 2228 quod
504 2143 533 2207 si
553 2142 748 2230 generaliter
768 2143 915 2229 legatum
934 2141 1013 2220 fuit,
1035 2163 1075 2208 eo
1098 2164 1164 2227 quo
1185 2141 1282 2209 Vnu-

125 2266 307 2317 euaovws
330 2244 486 2311 indicauit
506 2242 624 2322 modo,
647 2254 716 2311 tota
737 2255 823 2310 eerte
843 2244 927 2331 legis
947 2242 1044 2310 huius
1062 2244 1210 2331 quaestio
1228 2268 1284 2311 su·

123 2372 331 2439 pemaeanea
346 2346 478 2424 fuisset,
495 2369 572 2411 nam
599 2369 640 2412 ne
664 2346 821 2412 dubitatio
844 2345 976 2431 quidem
1001 2346 1106 2432 potuit
1135 2346 1285 2426 existere,

125 2453 206 2539 quin
228 2449 335 2517 solida
355 2446 545 2515 substitutus
566 2446 675 2534 legata
691 2458 888 2534 praestaret,
918 2457 1032 2533 utpote
1061 2448 1118 2533 qui
1137 2469 1198 2514 sua
1216 2446 1284 2514 sol·

124 2562 231 2631 neret,
251 2574 320 2617 non
342 2549 459 2627 aliena,
483 2549 592 2635 itaque
614 2548 856 2635 quodammodo
866 2548 1052 2635 portionem
1063 2548 1123 2615 filii
1136 2547 1284 2627 liberam,

125 2678 220 2721 suam
239 2662 406 2719 oneratam
433 2649 579 2719 haberet.
626 2650 678 2717 Cf.
698 2652 739 2716 L.
764 2652 792 2718 1.
814 2652 846 2734 S.
869 2652 916 2718 13.
940 2650 992 2717 eit.
1012 2650 1036 2715 i.
1057 2650 1091 2715 1..
1137 2649 1284 2729 Accedit,

126 2754 218 2854 quod
243 2775 435 2841 perperam,
474 2753 503 2817 si
532 2754 795 2821 vmennovrvs
823 2765 949 2820 rectum
976 2753 1159 2841 suspicatus
1185 2762 1282 2829 esset,

125 2857 301 2925 lvumvs
323 2853 523 2921 decisionem
546 2876 638 2921 suem
664 2855 906 2921 confirmasset:
933 2878 1002 2921 non
1031 2855 1119 2922 enim
1157 2852 1285 2919 confusi

127 2960 195 3024 duo
225 2957 376 3024 semisses
405 2956 586 3033 efficerent,
615 2966 651 3021 ut
677 2956 785 3022 solida
803 2968 1045 3044 praestarentur
1072 2957 1192 3043 legate,
1223 2954 1282 3021 sed

126 3062 201 3149 ipss
222 3057 383 3127 testatoris
405 3057 567 3125 uoluntas.

236 3160 357 3243 Quoad
384 3169 490 3227 autem
519 3158 712 3244 rescriptum
740 3158 822 3223 illud
850 3161 985 3229 snvnar
1017 3159 1193 3228 dicendum
1223 3170 1284 3235 est,

127 3262 221 3351 quod
241 3261 318 3329 satis
339 3260 574 3329 demonstrauit
592 3261 842 3327 Herennianus
868 3286 901 3350 p.
928 3264 1019 3341 485„
1044 3259 1283 3332 iureconsulto-

126 3390 202 3433 rum
239 3362 558 3451 interpretationibus
588 3361 653 3427 iam
685 3360 740 3426 diu
767 3374 864 3431 antea
889 3365 925 3429 in
952 3388 1014 3431 usn
1039 3363 1157 3440 inisse,
1195 3361 1286 3449 quod

127 3477 247 3557 postea
277 3464 408 3533 demum
443 3465 619 3553 imperator
655 3462 813 3551 rescripto
852 3466 1067 3535 confirmauit.
1116 3464 1168 3534 Of.
1196 3466 1285 3531 Aur.

127 3570 256 3639 Fauna
277 3564 427 3636 Coniect
447 3566 506 3637 IV.
530 3568 589 3634 13..

236 3668 352 3755 Neque
371 3690 451 3735 uero
474 3669 579 3755 magis
600 3670 707 3757 plaeet
727 3692 841 3739 eorum
862 3670 996 3757 opinio,
1018 3672 1075 3758 qui
1084 3670 1147 3739 hae
1156 3694 1199 3739 ex
1210 3670 1286 3759 tege

130 3854 333 3873 nunu—..¹⁶¹⁸-

169 3973 218 4045 ¹²)
233 3977 313 4029 nanc
330 3978 582 4045 interpretationem
600 3980 687 4031 Orra-
737 3992 804 4031 vrvs
822 3980 931 4032 uberius
948 3994 1007 4031 rem
1021 3980 1154 4033 trmtauit
1172 3980 1290 4033 (tmen

130 4083 198 4125 orvs
219 4071 237 4121 l.
246 4071 265 4121 1.
289 4072 419 4136 protulit,
438 4072 536 4125 deinde
568 4075 689 4127 destituit
738 4071 902 4122 sententiam
936 4074 1118 4138 posteriorem
1161 4073 1289 4127 sustineri

133 4164 216 4218 Obss.
251 4164 339 4229 XXV,
368 4162 422 4231 ἢ,
478 4166 580 4231 reeepit
608 4168 688 4217 etiam
738 4178 795 4214 non
821 4178 915 4229 posse,
938 4166 1016 4215 facile
1040 4166 1158 4231 uidebit,
1177 4167 1224 4232 qui
1246 4168 1288 4217 lo·

132 4258 341 4309 Pronnsnnvs
369 4272 396 4322 p.
417 4254 473 4323 ta,
503 4258 686 4324 quamprimo
738 4275 800 4309 cum
817 4258 938 4322 citatum,
977 4274 1032 4324 qno
1063 4262 1095 4311 de
1115 4263 1176 4325 iege
1196 4268 1290 4314 nostra

132 4352 198 4402 loeo
217 4352 314 4401 afferre
333 4346 424 4414 nolui,
449 4346 512 4413 quia
528 4348 688 4402 Vanenno-
739 4351 848 4416 dicitur,
865 4352 1023 4416 inspexerit.
