3067 5117
362 524 599 613 separandam?
647 525 746 605 Dixi,
773 536 929 613 quantum
957 527 1000 594 ad
1028 528 1153 616 legata,
1190 552 1274 615 quae
1300 540 1436 617 patera

362 628 443 707 lilio,
465 628 542 697 item
563 646 583 695 a
602 628 773 695 substituto
787 629 928 715 reliquit,
950 629 1073 695 nullam
1092 630 1164 695 fieri
1184 652 1284 717 posse
1307 654 1435 718 separa-

363 730 503 807 tionem,
535 752 635 816 quum
665 730 830 796 communi
859 732 983 798 calculo
1017 730 1229 797 subiiciuntur
1251 743 1284 797 et
1298 731 1437 799 inuicem
1520 755 1521 770 ³

363 832 519 898 inducant
548 832 838 899 contributionem:
867 832 926 899 sed
957 833 1082 921 legata,
1111 856 1195 919 quae
1224 834 1264 900 ab
1294 826 1436 899 instituto
1520 819 1521 894 ἶ

365 945 476 1001 extero
497 934 573 1000 data
593 947 688 1013 sunt,
715 933 905 1022 permisceri
923 935 1039 1001 catoris
1061 948 1129 1002 non
1150 944 1319 1022 oportere,
1347 934 1438 1002 idco-

365 1054 429 1123 que
456 1046 603 1121 quartam
629 1036 755 1126 pupillo
786 1036 881 1103 datae
901 1036 1062 1123 portionis
1082 1038 1203 1103 habere
1224 1035 1439 1114 substitutum,

368 1136 515 1225 quamuis
528 1152 619 1200 suam
630 1139 681 1222 39)
696 1137 882 1225 portionem
901 1137 1019 1205 habeat
1037 1148 1073 1204 ut
1094 1140 1274 1205 institutus:
1296 1148 1329 1205 et
1347 1139 1440 1205 uliam

367 1260 516 1305 caussam
543 1258 616 1303 osse
637 1238 725 1316 eius,
755 1240 812 1325 qui
840 1262 881 1305 ex
900 1239 998 1317 uariis
1019 1241 1225 1327 portionibus
1245 1241 1340 1306 heres
1363 1240 1440 1306 sori-

366 1344 526 1409 berctnr“
550 1348 611 1404 oto.
634 1338 692 1424 (ci.
715 1341 852 1426 supra).
1520 1333 1521 1408 Ϊ

394 1442 540 1509 Cvlaon
567 1438 662 1506 huius
689 1442 756 1507 loci
776 1442 998 1529 interpretatio
1019 1443 1101 1510 haec
1124 1454 1189 1510 cst:
1230 1445 1297 1526 „Si
1317 1444 1442 1532 pupillo
1520 1473 1521 1532 3

289 1556 460 1616 extraneus
484 1542 615 1627 quidam
637 1541 731 1609 datus
753 1544 795 1610 sit
812 1544 948 1611 coheres
970 1555 1002 1611 et
1022 1546 1229 1625 substitutus,
1256 1547 1284 1613 is
1310 1546 1443 1613 coheres
1520 1591 1521 1636 3

290 1658 322 1715 ct
334 1644 524 1715 substitutus
536 1637 705 1709 confundit
726 1646 858 1731 quidem
873 1646 982 1733 legata
1002 1670 1022 1712 a
1041 1666 1078 1712 se
1097 1648 1132 1716 ln
1153 1648 1382 1715 substitutione
1393 1672 1442 1715 re·

288 1748 366 1814 licta
387 1756 419 1814 et
435 1746 544 1833 legato
563 1770 584 1813 a
601 1746 726 1835 pupillo
745 1747 869 1813 relicta.
908 1748 952 1813 At
972 1758 1058 1813 retro
1076 1770 1095 1814 e
1115 1752 1278 1817 contrario
1298 1751 1381 1819 hacc
1397 1752 1443 1818 le·
1520 1735 1521 1826 l

290 1860 366 1937 gata
385 1849 431 1915 ita
451 1850 587 1916 confusa
608 1872 676 1916 non
696 1848 865 1915 confundit
879 1871 952 1915 enm
972 1848 1089 1937 legatis
1106 1872 1172 1917 ase
1191 1852 1226 1917 in
1246 1852 1444 1921 institutione
1520 1847 1521 1912 l

290 1950 411 2018 relictis
434 1960 466 2018 et
487 1950 615 2028 arrhis,
637 1972 721 2036 quae
744 1960 819 2014 sunt
840 1974 860 2016 a
880 1951 1007 2037 pupillo
1029 1963 1061 2019 et
1082 1974 1102 2018 a
1122 1974 1158 2018 sc
1180 1954 1294 2021 relicta
1312 1957 1349 2021 in
1369 1957 1443 2022 sub·
1520 1951 1521 2036 J

291 2052 457 2120 stitutione
479 2052 660 2119 Falcidiam
681 2050 836 2129 detrahit,
862 2054 988 2118 etiamsi
1016 2071 1057 2120 cx
1086 2077 1145 2121 sua
1164 2056 1368 2127 institutione
1388 2059 1442 2125 ha-

289 2155 366 2221 bent
386 2154 599 2241 quadrantem
621 2155 785 2241 integrum
803 2152 991 2220 hereditatis
1010 2161 1269 2245 paternac.“⁴⁰)

395 2256 440 2321 lit
459 2255 541 2323 hacc
565 2255 738 2343 explicatio
759 2256 955 2343 generaliter
971 2258 1101 2326 uidetur
1119 2260 1267 2327 adiuuari
1286 2261 1444 2329 Basilico-

291 2360 427 2445 numu)
449 2358 621 2425 uersione:
1520 2407 1521 2448 3

392 2468 453 2553 „at
484 2464 522 2538 di
547 2462 565 2537 ὃ
590 2470 863 2563 συγκληρονόμυς
890 2468 954 2541 τσῦ
976 2468 1103 2559 ἄνήβου
1129 2466 1357 2572 incantanti
1380 2474 1445 2545 od·
1520 2497 1521 2502 ’

392 2568 451 2661 τῷ,
476 2574 521 2673 roi
537 2576 599 2659 niv
626 2578 666 2641 ia
691 2573 755 2642 τοῦ
780 2574 906 2664 duplico
932 2578 989 2641 aul
1007 2578 1051 2641 τὰ
1076 2568 1114 2643 ἐν
1138 2574 1181 2674 τῇ
1204 2569 1445 2656 ὖπσκαταςτά-

394 2674 729 2762 catillamenta
755 2684 928 2763 συγχεῖται
964 2682 1020 2744 καὶ
1046 2672 1095 2754 εἷς
1118 2682 1174 2745 ἐπ’
1210 2676 1326 2756 αὐτοῖς
1352 2688 1444 2765 γίνε-

393 2798 452 2843 ται
479 2776 659 2864 φαλκίδιυς
681 2802 688 2816 ·
713 2780 753 2846 ad
791 2780 830 2847 dt
860 2784 962 2869 μέρος
979 2776 1050 2848 ’τοῦ
1083 2779 1363 2869 συγκληρονόμου
1388 2779 1447 2853 aori
1520 2775 1521 2824 ³

395 2882 451 2945 καὶ
497 2871 785 2949 inoaoeaaottlaou
829 2880 1004 2958 ἰδιάζον
1047 2880 1143 2949 ἐστὶ
1182 2888 1253 2951 sol
1308 2883 1444 2969 aaly-

391 2990 557 3064 xoaovfl

395 3094 445 3161 Ac
465 3117 542 3162 uere
565 3098 813 3167 concedendum
834 3111 900 3181 est,
929 3100 1081 3169 facillime
1103 3122 1191 3179 eam,
1219 3124 1317 3189 quem
1339 3099 1446 3171 Ovm-

293 3210 373 3263 orvs
386 3197 591 3291 proposuit,
630 3200 824 3267 sententiam
855 3226 897 3268 ex
926 3202 993 3269 loci
1030 3200 1127 3268 huius
1153 3211 1267 3269 tenore
1300 3204 1446 3271 extricari

291 3319 401 3384 posse,
423 3321 529 3384 neque
544 3297 678 3367 omnino
700 3301 816 3369 audaci
837 3304 978 3390 quadam
998 3303 1194 3371 coniiciendi
1215 3302 1347 3373 licentia
1368 3330 1446 3393 opus
1520 3311 1521 3390 ᾗ

294 3418 385 3477 esse,
413 3409 448 3463 ut
472 3400 581 3469 uerbis
612 3402 714 3481 „sed
739 3403 900 3491 legata,
935 3430 1038 3493 quae
1066 3407 1112 3475 ab
1141 3403 1342 3475 instituto
1372 3431 1444 3475 ex·

331 3751 380 3823 υ)
397 3754 566 3816 nvsoms
584 3756 648 3809 voi.
665 3757 729 3810 vu.
751 3756 847 3824 pota
933 3740 985 3825 4ιο)
1002 3762 1045 3812 oe
1070 3762 1291 3824 „quaomnia
1308 3762 1444 3828 integro
1520 3731 1521 3814 l

293 3851 349 3915 egit
368 3848 556 3915 „salnam‘⁸
585 3850 659 3901 hand
674 3850 847 3915 improbante
897 3854 1106 3905 hereditatis
1123 3854 1324 3919 paternae“
1340 3855 1369 3907 in
1385 3856 1443 3917 iege
1520 3879 1521 3902 ;

290 3946 490 3997 varensem
529 3938 564 3991 A.
597 3954 623 4004 p.
658 3938 718 3995 ³29.
747 3958 774 3995 n.
792 3941 846 4007 27„
895 3948 1039 4012 proposita
1056 3945 1123 3997 nihil
1141 3952 1213 3996 certe
1231 3946 1337 4010 legitur,
1520 4011 1521 4020 ἵ

292 4048 373 4100 qnam
392 4031 575 4083 coniecturam
596 4040 696 4096 porsus
721 4034 846 4085 inutilem
933 4036 983 4103 ⁴¹)
1022 4041 1085 4089 Bas.
1122 4040 1193 4091 XLI.
1229 4040 1248 4089 l.
1286 4037 1341 4102 11.,
1374 4038 1444 4102 apud
1520 4039 1521 4086 ἶ

293 4128 379 4177 duco:
410 4124 452 4175 nis
473 4122 545 4173 enim
564 4125 758 4175 enuntiationis
780 4140 845 4176 eon·
895 4134 1110 4185 mmmm„
1127 4124 1379 4195 Vol.1v.p.97..

291 4216 348 4269 licit
364 4216 394 4267 in
411 4214 525 4266 noeibus'
543 4221 597 4280 „ut
615 4216 844 4284 institutus‚“

293 4318 351 4363 non
366 4309 396 4361 in·
412 4317 482 4359 uoce
507 4306 658 4375 „snam“.
