3067 5117
681 1314 798 1360 CAPVT
819 1313 1021 1362 SECVNDVM·

322 1488 391 1562 DE
419 1487 593 1564 ONERE
619 1489 884 1564 PROBANDI
907 1491 962 1566 IN
989 1492 1220 1569 ACTIONE
1249 1493 1383 1569 CON-

269 1627 275 1642 '
497 1623 749 1700 FESSORIA
774 1624 842 1698 ΕΤ
868 1625 1184 1704 NEGATORIA.

798 1983 830 2066 §-
854 1983 902 2050 ιο.

615 2129 618 2134 “
639 2125 662 2176 1.
698 2123 909 2178 VEL'I'HEMII
926 2122 1052 2176 RATIO.

366 2277 471 2417 Quod
494 2327 560 2394 iam
586 2336 682 2394 antea
707 2326 865 2404 diximus,
884 2326 1003 2392 iccirco
1025 2347 1123 2411 quam
1142 2323 1282 2390 maxime
1305 2325 1433 2392 me-

264 2443 410 2492 flsouvm
434 2427 565 2494 laudem
592 2451 731 2503 merere,
755 2427 845 2513 quod
866 2427 989 2513 primus
1008 2427 1049 2492 ad
1069 2424 1225 2490 formulas
1246 2426 1433 2506 actionum,

264 2526 305 2592 de
330 2527 448 2613 quibus
472 2528 616 2614 agimus,
644 2528 780 2616 propius
809 2528 1031 2594 accedendum
1059 2549 1132 2592 esse
1152 2527 1332 2612 putauerit,
1363 2528 1433 2595 hoc

265 2637 296 2693 et
323 2628 358 2693 in
385 2651 425 2695 eo
459 2629 782 2695 animaduertendum
813 2640 882 2706 est,
916 2628 1006 2715 quod
1032 2627 1247 2693 consideratis
1279 2628 1430 2714 singulis

264 2729 445 2795 actionibus
476 2753 586 2796 earum
615 2729 825 2796 fundamenta
850 2729 1033 2814 requisierit
1052 2751 1230 2813 eorumque
1251 2729 1430 2814 probatio-

262 2853 339 2896 nem
360 2831 461 2898 actori
483 2831 669 2896 incumbere
691 2831 846 2898 statuerit.
887 2832 954 2896 Pro
976 2853 1036 2895 sua
1056 2830 1166 2916 itaque
1188 2829 1228 2896 de
1250 2831 1429 2899 confesso-

262 2932 311 2998 ria
342 2943 374 2998 et
405 2932 576 3019 negatoria
599 2931 748 2998 doctriua
777 2931 840 2998 hoc
872 2932 1022 3009 schema,
1058 2932 1149 3016 quod
1177 2931 1307 3009 dicunt,
1342 2956 1428 3019 pro-

260 3034 389 3121 posuit:

365 3171 413 3249 1‘,
435 3169 632 3239 Seruitutem
656 3168 910 3236 asserendo:

302 3275 345 3355 a.)
368 3272 491 3338 Actio
513 3269 805 3336 confessoris:

364 3375 442 3438 Est
463 3370 564 3436 mihi
584 3371 647 3435 ius
669 3369 720 3456 [in
741 3372 834 3436 Tuo:
856 3371 995 3436 seruitus
1016 3371 1058 3436 de
1081 3371 1268 3457 patiendo.)

363 3472 641 3538 Fundamentum:
664 3471 762 3559 quia
778 3472 882 3537 mihi
902 3471 1154 3538 seruitutem
1174 3473 1314 3540 debes.

297 3575 344 3657 b.)
365 3573 490 3640 Actio
514 3572 760 3658 negatoria:

361 3675 394 3741 N
403 3698 454 3740 on
477 3684 543 3740 est
562 3673 659 3740 Tibi
682 3674 745 3740 ius
769 3675 815 3759 (in
828 3675 924 3741 Tuo:
947 3674 1085 3738 seruitus
1108 3675 1224 3741 deuon
1239 3675 1420 3761 faciendo.)

361 3775 640 3842 Fundamentum:
670 3776 768 3862 quia
788 3775 892 3840 mihi
914 3775 1165 3842 seruitutem
1186 3774 1332 3841 debes.

406 3917 457 3992 2⁰,
479 3913 676 3982 Seruitutem
705 3914 918 4000 negando:

298 4019 341 4099 a.)
362 4017 487 4082 Actio
511 4015 801 4082 confessoris:

362 4117 446 4180 Est
464 4114 564 4180 mihi
584 4117 648 4180 ius
672 4116 720 4199 (in
743 4138 832 4182 meo:
853 4116 992 4182 seruitus
1013 4116 1054 4182 de
1076 4139 1143 4181 non
1165 4115 1345 4204 iaciendo.)

360 4216 638 4283 Fundamentum:
658 4216 873 4302 quiaTibi
893 4217 1147 4283 seruitutem
1167 4240 1250 4284 non
1271 4219 1414 4286 debeo.
