3067 5117
1198 426 1238 495 1³

166 576 318 648 iecisset?
356 576 412 645 De
442 598 502 643 suo
533 576 712 664 quadrante
741 574 894 643 nimirum
921 576 1012 645 dabit
1038 561 1262 657 obsumus,

168 680 321 768 quoniam
340 690 433 767 pater
453 678 577 767 legauit
598 679 640 746 de
660 700 738 755 suo;
759 700 821 745 nec
841 679 964 747 adrem
977 678 1127 767 pertinet,
1150 680 1240 767 quod

168 804 208 849 ex
241 780 334 847 nullo
361 790 553 849 testamento
585 786 768 868 praestatur
801 780 887 847 ultra
918 782 1006 849 uires
1042 782 1240 869 patrimonii,

166 884 321 973 quoniam
338 884 374 949 in
393 883 455 950 hac
468 893 560 971 parte
573 882 652 949 iuris
662 882 782 969 legata,
798 905 882 970 quae
892 884 1010 951 tabulis
1023 883 1176 952 secundia
1187 906 1241 951 re·

165 988 366 1074 linquuntur,
375 984 589 1073 quasiprimis
599 983 660 1052 sub
669 984 1241 1075 conditonerelicuintettignnturr‘

191 1089 296 1178 Legis
315 1087 451 1155 huiusce
471 1086 574 1155 uerba
593 1086 771 1154 admodum
790 1086 880 1155 clara
899 1111 973 1156 esse
999 1100 1032 1155 et
1058 1088 1242 1177 perspicua,

95 1214 274 1261 remonon
292 1191 394 1258 uidet.
441 1188 612 1260 Sententia
631 1200 739 1257 tamen
765 1212 923 1277 expressa
945 1190 1135 1258 difficultate
1162 1214 1244 1278 qua·

95 1298 163 1363 dam
183 1292 330 1371 laborat,
349 1315 433 1379 quae
454 1291 592 1359 multum
612 1312 742 1379 semper
761 1292 890 1359 dissidii
909 1292 995 1358 inter
1016 1292 1107 1359 uiros
1128 1292 1243 1359 doctos

93 1398 208 1465 citauit.
249 1394 351 1481 Quod
372 1394 468 1481 quale
489 1394 547 1472 sit,
569 1393 749 1463 uidendum
769 1405 835 1461 est:
873 1396 919 1461 Et
937 1394 979 1461 ab
999 1394 1092 1461 inib'o
1112 1396 1244 1482 quidem

93 1523 139 1567 res
158 1510 210 1566 est
229 1496 393 1565 facillima.
433 1498 526 1563 Haec
549 1496 637 1562 enim
651 1496 872 1565 Parmmtvs
893 1496 1004 1564 affertr
1044 1496 1244 1565 Substitutus

93 1603 240 1690 legatae
269 1598 395 1687 pupillo
429 1596 543 1664 relicta
572 1598 665 1687 quasi
693 1622 749 1666 aes
770 1598 913 1666 alienum
932 1598 1102 1685 quodlibet
1127 1599 1245 1687 pupilli
1287 1687 1290 1693 Ι

95 1704 208 1771 debet:
227 1701 336 1789 itaque
357 1701 385 1767 si
405 1700 514 1787 legata
532 1700 646 1787 primis
666 1700 786 1769 tabulis
806 1700 927 1768 fuerint
951 1701 1082 1780 relicta,
1110 1712 1243 1769 eatenus

94 1830 129 1875 ea
145 1804 297 1883 debebit,
322 1813 480 1890 quatenus
501 1801 628 1890 pupillo
650 1802 812 1869 soluenda
830 1802 977 1870 iubeant.
1019 1803 1109 1870 Hine
1125 1825 1244 1890 seque·

94 1920 195 1988 retur,
220 1917 271 1985 ut,
290 1906 318 1972 si
338 1904 482 1993 pupillus
505 1903 686 1992 accepisset
706 1902 861 1984 0000„
888 1906 998 1995 legata
1024 1906 1066 1973 ab
1096 1928 1136 1973 eo
1163 1905 1245 1971 tuis-

96 2022 162 2079 sent
182 2007 270 2087 CC„
291 2032 312 2075 a
331 2006 503 2075 substituto
527 2004 610 2086 (lla,
631 2006 750 2095 pupilli
778 2008 911 2095 quidem
941 2008 1108 2097 legatariis
1137 2008 1245 2074 solida

96 2120 331 2200 praestarentur
353 2108 479 2197 legata,
500 2132 560 2176 sua
579 2119 688 2177 autem
710 2110 902 2178 substitutus
922 2111 1066 2179 solueret
1095 2134 1137 2178 ex
1165 2110 1243 2176 reli-

97 2239 155 2302 quo
183 2212 446 2281 habitatatione
487 2211 664 2281 Falcidiae.
729 2214 801 2279 lam
830 2236 913 2303 uero
937 2225 1072 2303 propter
1097 2212 1245 2301 regulam

10 2300 15 2343 ²
97 2317 178 2384 illam
190 2364 201 2395 ‚
222 2338 322 2381 unam
350 2313 531 2381 Falcidiam
560 2313 686 2381 seruari
706 2313 741 2380 in
768 2315 888 2383 tabulis
917 2316 1018 2403 patris
1047 2328 1145 2401 atque
1174 2314 1246 2391 lilii,

97 2416 323 2485 conlundenda
345 2428 422 2483 sunt
437 2416 547 2504 legata
559 2416 706 2503 utrisque
727 2416 846 2484 tabulis
867 2417 992 2497 relicta,
1012 2428 1045 2484 et
1065 2419 1149 2484 ratio
1166 2416 1247 2483 Fal-

98 2522 195 2588 cidiae
218 2518 260 2586 ad
283 2542 354 2587 eam
375 2519 545 2587 referenda
567 2529 616 2587 est
644 2518 874 2599 substantiam,
901 2543 985 2607 quae
1007 2530 1099 2608 patre
1119 2532 1247 2585 mortuo

98 2624 223 2689 exstitit.
264 2622 351 2688 Hinc
372 2622 503 2689 euenire
523 2633 650 2710 potest,
671 2633 707 2688 ut
732 2623 761 2687 si
781 2635 858 2709 post
876 2633 1015 2689 mortem
1034 2621 1135 2710 patris
1162 2643 1246 2706 quo·

98 2725 171 2791 libet
192 2722 293 2790 modo
313 2722 387 2810 ipsa
407 2724 477 2791 eius
497 2722 661 2791 hereditas
680 2722 776 2791 fuerit
794 2723 931 2791 adaucta
952 2760 993 2774 -
1020 2723 1122 2790 ueluti
1141 2724 1246 2791 seruis

98 2824 307 2905 hereditariis,
333 2835 428 2913 partu
447 2848 604 2913 pecorum
630 2862 671 2875 -
713 2824 905 2891 substitutus
930 2826 1049 2893 radoni
1079 2825 1247 2892 Falcidiae

99 2952 161 2996 non
180 2928 332 2996 subiiciat
344 2927 499 3015 quicquid
513 2928 702 2998 accesserit:
724 2938 811 2995 certe
826 2940 945 3007 autem,
965 2929 995 2995 si
1007 2951 1087 2997 casu
1100 2928 1153 3012 ¹⁰)
1168 2926 1248 3013 quid

99 3030 243 3117 perierit,
272 3029 325 3097 uel
354 3040 456 3097 totam
491 3053 584 3098 suam
618 3040 765 3117 quartam
797 3030 964 3119 legatariis
993 3054 1132 3119 erogme
1169 3030 1247 3117 cogi

100 3134 208 3219 possit.

195 3237 291 3303 Haeo
314 3234 423 3301 omnia
436 3258 496 3322 per
510 3256 545 3301 se
557 3234 658 3323 plana
670 3245 747 3301 sunt
767 3246 801 3301 et
811 3235 1002 3323 perspicua:
1013 3240 1063 3319 ¹¹)
1082 3237 1148 3303 iam
1167 3258 1248 3305 uero

102 3336 132 3403 in
147 3337 355 3425 sequentibus
365 3336 529 3403 diuersam
543 3360 677 3425 prorsus
691 3337 780 3404 uiam
792 3338 985 3426 interpretes
998 3339 1140 3428 ingressi
1160 3351 1246 3405 sunt.

197 3442 264 3506 Aut
284 3439 371 3507 enim
393 3438 476 3505 duce
495 3436 715 3527 Ov1s01012)
731 3440 978 3520 obss.1v‚34.‚
993 3443 1111 3530 Papin.
1128 3464 1162 3529 p.
1177 3442 1249 3510 786.

106 3666 296 3680 -n—-—-

124 3819 162 3887 ω)
179 3824 242 3875 Non
260 3823 339 3875 aliter
367 3821 419 3874 nisi
443 3838 508 3873 casu
526 3824 559 3873 de
587 3822 646 3873 inre
722 3821 766 3889 Η)
796 3825 888 3889 Digito
924 3834 1092 3879 monstrasse
1134 3827 1250 3881 sufficiat

105 3922 187 3976 potest
204 3916 325 3969 imminui
343 3915 480 3968 hereditas
498 3916 594 3982 pupilli
611 3918 646 3966 ad
697 3933 844 3982 peruersoa
855 3921 1119 3972 Musunauanvcuu
1134 3930 1248 3974 conatus

106 4006 269 4059 substitutam
294 4010 467 4074 pernenlsns.
509 4010 647 4075 Competit
696 4010 758 4061 Vol.
783 4012 894 4063 XXXX.
918 4029 944 4078 p.
967 4011 1042 4078 3⁹9„
1070 4030 1152 4079 quem
1183 4017 1249 4067 satis

108 4100 169 4151 enlm
191 4103 337 4153 substituto
370 4104 440 4154 actio
468 4104 569 4153 tutelae
594 4117 644 4168 pn·
693 4102 795 4154 refellit
809 4104 1016 4157 Pronnrrruvs
1035 4123 1062 4172 p.
1081 4106 1134 4164 36..

107 4192 169 4257 pali,
191 4195 213 4244 ai
238 4194 304 4261 qnid
322 4197 401 4260 calpa
419 4202 538 4247 tutorum
556 4196 643 4261 peris·

107 4284 143 4334 dt·
158 4288 186 4353 1¹:
196 4286 236 4341 84.
254 4291 291 4341 ad
307 4290 373 4353 neg.
390 4290 464 4341 Pale.
477 4289 596 4354 (XXXV,
603 4288 648 4352 2.),

108 4376 134 4427 a
151 4378 173 4432 ι.
188 4382 211 4444 e.
226 4382 252 4437 a.
270 4384 295 4435 a
312 4383 356 4435 ea
371 4382 433 4447 pn
453 4382 574 4449 (xxxv,
592 4378 636 4445 a).
696 4358 723 4407 Ρ·
744 4339 824 4393 ¹⁷⁷⁰

717 4244 762 4311 1²)
802 4244 890 4309 Quem
925 4247 1047 4315 seqnitur
1089 4250 1250 4304 Caavnano
