3067 5117
1197 414 1257 482 tet

104 575 162 641 est,
184 584 265 628 non
289 563 531 650 suscipiendam
553 585 626 630 esse
647 562 805 630 libertatis
825 561 1052 648 probationem
1073 562 1115 640 ei,
1138 563 1256 648 quiex

103 666 246 732 dominio
269 688 327 730 suo
351 665 401 729 ius
423 665 618 750 prohibendi
641 665 783 742 deriuet,
814 676 928 730 contra
956 687 1183 749 quemcunque
1203 665 1255 728 in-

102 767 278 832 tentionem
299 789 390 831 suam
409 765 572 832 direxerit.

203 870 248 932 Et
269 867 345 932 bine
366 867 461 932 simul
482 876 631 954 apparet,
659 887 717 930 eur
737 887 872 950 prorsus
893 889 1063 954 perperam
1084 884 1133 930 nn
1153 866 1255 932 Rneu

103 969 275 1035 contulerit
306 968 466 1033 actionem
489 968 530 1034 de
559 968 706 1033 libertate
736 967 877 1032 hominis
906 980 938 1034 et
966 968 1006 1034 de
1027 966 1174 1032 libertate
1195 969 1254 1033 rei.

102 1069 152 1135 Cf.
168 1071 238 1154 §.4
250 1093 282 1134 n.
294 1071 353 1136 ld..
385 1069 534 1135 Libertas
549 1068 635 1134 enim
655 1089 857 1153 personae
879 1093 920 1134 ex
928 1070 1152 1134 Romanorum
1168 1080 1255 1136 certe

102 1171 249 1236 doctrina
275 1171 339 1235 ius
373 1180 438 1247 est,
470 1181 502 1234 et
529 1170 585 1254 qui
613 1180 772 1254 prouocat
799 1171 840 1234 ad
860 1170 1042 1236 libertatem
1063 1193 1155 1234 suam
1176 1193 1254 1256 pro·

99 1272 177 1338 bare
191 1297 243 1336 am
264 1271 371 1347 debet,
394 1271 547 1355 quoniam
569 1270 610 1334 de
632 1293 691 1336 suo
714 1270 784 1335 iure
805 1272 890 1357 agit,
910 1271 1043 1336 libertas
1063 1281 1170 1336 autern
1190 1272 1255 1336 rei

101 1384 147 1438 est
169 1372 362 1438 conditio
389 1372 559 1457 quaedam.
581 1371 726 1438 Omnino
751 1382 859 1438 autem
879 1372 943 1436 hoo
964 1371 1038 1436 loeo
1062 1371 1162 1436 uelim
1182 1395 1254 1437 mo-

99 1497 192 1549 nere,
215 1473 304 1560 quod
324 1474 429 1537 omnis
457 1473 513 1539 illa
541 1473 582 1538 de
603 1474 775 1560 negatiuae
796 1473 991 1558 probatione
1013 1472 1177 1554 doctrina,
1213 1474 1255 1539 ad

99 1598 196 1659 quam
223 1575 254 1658 3
264 1575 314 1641 28.
339 1574 482 1638 breuiter
509 1597 731 1652 recurremus,
760 1575 862 1660 longe
882 1573 1008 1638 facilius
1031 1573 1109 1638 inde
1132 1576 1174 1639 sit
1195 1598 1252 1640 ex-

98 1675 278 1760 pedienda,
306 1675 332 1740 si
362 1685 487 1740 remota
509 1679 721 1760 quaestione,
753 1688 860 1742 utrum
886 1674 983 1740 lieri
1013 1675 1153 1760 possit
1179 1677 1253 1743 talis

99 1774 247 1860 probatio
270 1798 331 1840 nee
361 1799 421 1854 ne,
449 1799 488 1842 eo
515 1779 745 1865 respiciamus,
774 1801 852 1842 num
878 1775 950 1860 quis
970 1785 1144 1862 propterea
1164 1778 1253 1862 quod

52 1897 57 1906 ·
98 1880 147 1943 de
175 1901 246 1942 suo
273 1879 362 1943 iure
392 1879 533 1956 docet,
564 1879 606 1944 ad
638 1881 811 1968 negatiuae
844 1877 1070 1965 probationem
1093 1877 1251 1964 adigatur,

97 1979 186 2043 uelut
214 1980 248 2042 in
275 1979 482 2044 condictione
509 1979 656 2045 indebiti.
699 1981 766 2048 Sed
797 1980 878 2046 haec
904 2003 963 2066 per
990 1978 1079 2044 uiam
1105 1980 1251 2066 tetigisse

14 2079 16 2088 '
99 2079 255 2146 sufficiat!

222 2179 376 2264 Denique
426 2181 650 2265 quaestionem
697 2179 962 2256 consideremus,
1019 2201 1116 2264 quam
1163 2180 1251 2246 haud

96 2303 167 2346 raro
197 2305 216 2345 a
241 2279 320 2344 uiris
352 2279 456 2344 doctis
485 2283 583 2349 uideo
611 2281 696 2350 male
726 2280 945 2346 diiudicatam.
987 2280 1140 2347 Statuunt
1163 2284 1250 2348 enim

96 2382 127 2444 in
159 2381 287 2445 actione
315 2382 484 2466 negatoria
519 2394 586 2450 tum
619 2385 733 2450 saltem
765 2380 867 2449 aeteri
902 2380 1145 2467 suscipiendam
1177 2409 1250 2450 esse

95 2483 337 2568 probationem,
367 2482 453 2547 siin
484 2506 522 2548 eo
553 2483 689 2548 fundare
720 2480 800 2547 uelit
830 2482 992 2547 actionem
1019 2507 1128 2563 suam,
1160 2489 1248 2571 quod

94 2607 168 2648 reus
185 2583 373 2648 seruitutem
391 2585 566 2670 aliquando
589 2583 730 2648 debitam
751 2583 904 2648 amiserit.
927 2582 978 2648 Of.
995 2586 1248 2655 Voaassclssvs

95 2686 124 2766 3.
147 2685 196 2750 15.
227 2693 258 2748 01
284 2706 365 2768 quos
398 2687 507 2752 citauit
526 2710 559 2752 n.
579 2688 609 2752 3.
634 2696 665 2750 et
684 2686 946 2752 Vanennovrvs
968 2686 999 2768 3.
1020 2689 1090 2754 353.
1114 2711 1146 2752 n.
1167 2691 1197 2758 2.
1219 2713 1247 2756 c.

12 2833 13 2860 2
95 2785 127 2848 in
148 2784 234 2850 med.
257 2784 331 2850 0011.
354 2810 427 2852 eum
449 2789 480 2872 3.
502 2791 573 2856 342.
597 2811 629 2850 0.
651 2789 693 2854 2..
735 2787 803 2854 Sed
825 2784 898 2850 talis
920 2785 1069 2871 probatio
1092 2788 1132 2854 ab
1155 2791 1248 2858 initio

95 2885 200 2950 statim
220 2907 282 2949 neo
302 2885 336 2949 in
356 2888 570 2972 prohibitoria
590 2888 717 2954 actione
739 2911 799 2952 nec
827 2887 862 2951 in
883 2887 1053 2972 negatoria
1071 2888 1168 2955 debet
1192 2914 1249 2956 ex-

12 2985 13 3016 ¹
94 2986 153 3071 igi,
177 2985 266 3070 quod
289 2996 424 3075 utraque
445 2991 528 3056 actio
552 2990 732 3055 dominium
753 2988 851 3053 habet
873 2987 1135 3067 fundamentum,
1164 3015 1250 3057 nun-

94 3111 189 3172 quam
219 3109 297 3152 uero
328 3112 369 3156 ex
396 3091 466 3156 iure
496 3092 536 3157 ab
559 3089 746 3156 aduersario
773 3089 892 3154 amisso
914 3089 1005 3153 nasei
1025 3099 1143 3175 potest.
1184 3093 1249 3158 Ita-

95 3212 156 3273 que
185 3211 314 3274 semper
340 3191 476 3257 dominii
506 3193 656 3279 probatio
690 3191 781 3277 prins
811 3191 871 3255 erit
904 3190 1085 3275 exigenda,
1130 3191 1249 3260 deinde

93 3312 189 3367 uero,
219 3290 246 3354 si
273 3312 348 3355 reus
376 3293 562 3358 seruitutem
597 3293 776 3379 exceperit,
813 3290 1019 3376 replicationi
1052 3292 1144 3358 loeus
1178 3295 1247 3361 erit.

95 3393 139 3455 Et
158 3391 200 3456 ad
226 3391 314 3458 hune
341 3417 516 3480 processus
540 3397 712 3460 decursum
733 3416 849 3458 reuera
869 3393 966 3458 etiam
988 3405 1064 3458 tunc
1086 3418 1138 3460 res
1160 3397 1247 3460 redi-

95 3493 161 3570 bit,
199 3492 227 3555 si
261 3492 344 3560 forte
377 3505 408 3560 et
440 3495 620 3561 dominium
644 3505 676 3559 et
698 3494 835 3558 seruitus
857 3503 930 3558 ante
953 3497 1111 3561 exsistens
1133 3499 1246 3563 utrim-

95 3614 156 3678 que
180 3593 300 3658 luerint
327 3618 486 3662 concessa
516 3607 548 3662 et
575 3595 681 3661 omnis
702 3593 852 3681 probatio
877 3595 911 3658 in
931 3596 1143 3682 replicatione
1165 3623 1246 3664 con-

93 3694 189 3761 iieiat.

196 3795 371 3875 Similiter,
394 3821 477 3883 quae
495 3799 755 3864 Hvesnsttmvs
776 3822 809 3883 p.
830 3799 881 3865 00.
902 3799 991 3864 uelut
1011 3799 1183 3884 probanda
1204 3803 1244 3868 ab

92 3907 198 3962 actore
232 3897 383 3983 protulit,
411 3911 486 3964 sunt
513 3900 645 3986 quidem
672 3899 712 3964 ab
743 3923 783 3965 eo
811 3898 998 3984 probanda,
1028 3901 1087 3965 sed
1113 3912 1145 3967 et
1173 3902 1245 3988 ipsa

91 3997 310 4083 replicationis
331 4009 454 4065 tantum
474 4000 560 4066 loco.

194 4099 263 4166 Sub
303 4100 368 4166 fine
404 4102 502 4187 igitur
536 4102 734 4189 paragraphi
768 4103 864 4168 huius
900 4115 1102 4188 repetamus,
1141 4117 1173 4169 et
1202 4129 1243 4171 ex

90 4201 276 4267 auctoritate
306 4203 489 4270 STEPHANI
521 4215 552 4269 et
584 4228 624 4269 ex
655 4204 804 4269 doctrina
835 4204 876 4269 de
905 4204 1151 4292 probationibus
1179 4231 1240 4292 ge-

89 4301 239 4368 neraliter
261 4305 442 4381 obtinente,
484 4305 645 4390 siquidem
666 4306 905 4372 accuratissime
928 4305 1142 4372 obaeruentur
1170 4309 1240 4374 eius
