3067 5117
303 412 363 483 112

302 571 354 639 eui
374 569 459 655 plus.
499 566 563 633 His
584 576 838 653 consequenter,
866 568 894 633 si
915 565 1025 654 plures
1047 565 1166 635 fuerint
1186 565 1312 654 pupillo
1334 562 1448 633 substi-

301 673 360 738 tuti
380 692 441 761 pro
460 678 531 735 rata
549 669 589 733 iis
613 670 830 735 committetur
849 668 1012 756 stipulatio
1035 669 1069 734 in
1092 692 1164 735 eam
1197 668 1350 735 uidelicet
1378 691 1448 755 par-

300 786 386 851 tem,
419 795 517 859 quam
548 770 687 855 quisquc
715 771 792 836 sibi-
808 770 947 837 retinere
974 770 1148 857 potuisset,
1189 770 1258 836 siue
1281 769 1449 856 exprimis

300 874 418 941 tabulis
439 897 479 941 ea
498 894 581 961 opus
601 872 715 951 fuerit,
737 873 808 939 siue
830 894 872 939 ex
891 870 1054 939 secundis.
1093 872 1134 937 L.
1158 874 1205 940 11.
1225 870 1257 955 §-
1276 870 1307 937 o.
1330 871 1372 935 ad
1389 869 1450 956 leg.

299 976 401 1045 rate..
633 996 636 1001 ’

402 1075 557 1163 Denique
586 1076 629 1143 ad
647 1076 758 1143 locum
790 1077 1016 1165 peruenimus,
1051 1098 1150 1161 quem
1184 1072 1294 1139 multis
1328 1094 1451 1158 semper

298 1180 510 1267 interpretum
529 1178 700 1245 conatibus
720 1191 873 1245 uexatum
900 1178 953 1244 hic
981 1180 1097 1245 afferre
1127 1175 1244 1253 malui,
1286 1197 1384 1261 quam
1419 1172 1450 1236 in

298 1281 563 1369 interpretatione
581 1280 623 1345 L.
646 1282 694 1349 11.
715 1282 747 1364 S.
768 1280 799 1347 s.
822 1280 863 1347 ad
883 1281 948 1367 leg.
969 1280 1078 1357 Falc,
1107 1302 1207 1365 quum
1229 1277 1365 1341 omnino
1388 1297 1450 1341 uon

298 1407 339 1450 eo
368 1382 460 1449 illum
488 1381 652 1468 pertinere
679 1403 873 1467 persuasum
901 1381 1054 1459 habeam,
1087 1380 1161 1447 dico
1195 1380 1236 1447 L.
1260 1380 1289 1446 1.
1322 1378 1354 1461 S.
1376 1380 1406 1445 3.
1425 1377 1451 1441 si

298 1484 351 1551 cui
372 1483 464 1571 plus:
1398 1500 1402 1507 ·

378 1585 576 1665 „Marcellus
597 1585 657 1651 ait:
702 1585 770 1668 Qui
791 1584 1030 1671 quadringenta
1050 1584 1084 1648 in
1103 1582 1199 1649 bonis
1220 1581 1373 1659 habebat,
1394 1582 1451 1647 im·

375 1688 532 1775 puberem
562 1687 665 1752 filium
694 1686 849 1753 heredem
873 1686 1010 1752 instituit
1031 1686 1126 1771 eique
1147 1683 1313 1749 substituit
1335 1685 1451 1750 Titium

376 1800 410 1855 et
432 1790 555 1857 Seium.
598 1787 690 1853 Nihil
711 1812 731 1853 a
757 1786 884 1873 pupillo
912 1798 1045 1854 testator
1067 1786 1207 1873 legauit,
1237 1785 1295 1851 sed
1327 1810 1348 1851 a
1367 1786 1450 1849 Titio

376 1900 529 1957 trecenta.
564 1890 680 1957 Vtrum
701 1889 842 1955 ducenta
864 1887 968 1973 inquit
989 1888 1239 1975 praestabuntur
1260 1910 1300 1953 an
1327 1897 1450 1953 centum

376 1990 628 2077 quinquaginta,
657 2012 732 2055 nam
768 1999 914 2054 uacenta
935 1989 1026 2056 nullo
1048 1989 1146 2055 modo
1169 2012 1243 2055 eum
1276 2000 1449 2075 praestare.

374 2091 459 2157 Mihi
478 2092 608 2158 uidetur
627 2090 754 2167 uerius,
777 2113 845 2156 uon
867 2090 1006 2177 amplius
1028 2112 1101 2157 eum
1122 2100 1213 2177 parte
1235 2114 1294 2156 sua
1318 2114 1449 2180 crogare

376 2192 547 2279 compelli,
569 2204 655 2259 certe
675 2215 738 2258 nec
757 2191 864 2259 minus
875 2240 885 2271 ,
909 2192 1088 2259 secundum
1109 2190 1198 2278 quod
1221 2194 1387 2273 eueniret,
1419 2206 1450 2259 ut

376 2293 535 2359 non'soli
562 2294 778 2360 committatur
809 2293 994 2381 stipulatio,
1023 2294 1082 2360 sed
1101 2293 1251 2361 omnibus
1277 2296 1448 2363 heredibus

375 2394 614 2481 interponenda
647 2394 706 2473 sit,
739 2394 799 2459 sed
827 2417 945 2461 caussa
972 2395 1104 2483 cognita
1134 2395 1317 2463 Falcidiam
1344 2398 1448 2465 locum

375 2496 495 2563 habere
517 2507 550 2563 et
569 2495 752 2583 legatorum
771 2496 888 2562 modus
909 2496 986 2563 iacit
1006 2506 1038 2563 et
1058 2496 1141 2563 acris
1163 2494 1262 2562 alieni
1281 2506 1400 2565 onus.“

400 2598 469 2669 Sed
477 2609 651 2684 antequam
664 2598 844 2663 accuratius
852 2598 937 2664 hanc
947 2598 1055 2686 legem
1063 2599 1324 2683 interpretemur,
1340 2623 1446 2665 emen-

295 2703 383 2770 datio
405 2723 563 2789 perquam
584 2698 769 2765 necessaria
789 2699 917 2767 uidetur
938 2723 1010 2765 esse
1030 2699 1191 2778 facienda,
1212 2700 1294 2767 haec
1317 2703 1446 2779 scilicet,

295 2816 330 2870 ut
350 2805 382 2889 S.
404 2805 436 2871 3.
459 2800 569 2867 uerbis
591 2798 687 2876 „sed
708 2821 861 2865 caussa
882 2800 1075 2888 cognita“
1096 2801 1193 2879 finiri,
1217 2813 1249 2868 et
1268 2802 1300 2888 §.
1322 2806 1354 2873 4.
1375 2828 1445 2869 uer·
1525 2802 1526 2841 l

294 2906 344 2972 bis
367 2900 628 2983 „Falcidiam
648 2901 790 2966 locum
810 2901 988 2967 habere“
1010 2902 1121 2969 induci
1140 2915 1340 2983 statuamus,
1363 2904 1446 2991 quod

293 3031 393 3095 quum
429 3002 646 3071 Basilicorum
693 3002 882 3069 auctoritate
923 3005 1148 3084 confirmetur,
1166 3009 1235 3091 ¹²⁵)
1279 3006 1447 3073 doctorum

295 3233 497 3246 ..ffl-

363 3372 433 3436 12⁵)
466 3372 511 3423 Ita
549 3371 693 3424 Govaaso
733 3378 845 3423 auctore
894 3373 988 3438 graphi
1025 3380 1136 3439 quartae
1172 3382 1268 3427 tenore
1315 3377 1445 3429 consitum

290 3468 460 3520 Hvsemmvs
481 3463 545 3513 Vol.
560 3464 609 3514 VI.
628 3461 844 3528 p.tt7.,11ma·
895 3473 945 3530 est,
966 3467 1051 3531 cuius,
1071 3474 1101 3517 ut
1120 3484 1192 3519 nunc
1211 3475 1311 3533 exstat,
1330 3470 1444 3521 initium:

291 3573 410 3612 xasuvs
428 3574 454 3622 p.
472 3552 547 3618 taz„
576 3556 790 3607 Varronuortvs
808 3558 843 3609 A.
893 3557 947 3620 „m
975 3558 1107 3621 siquidem
1133 3561 1245 3611 euidens
1262 3576 1310 3612 aes
1331 3563 1444 3612 alienum

290 3666 318 3715 p.
338 3647 399 3705 241.
420 3663 447 3699 n.
468 3644 520 3697 51..
571 3646 752 3712 Praecipuum
775 3664 843 3699 uero
894 3648 971 3712 eat‚“
1002 3666 1056 3714 quo
1095 3650 1236 3714 referatur,
1269 3669 1327 3703 non
1358 3654 1443 3711 habet,

290 3747 401 3806 praeter
418 3738 586 3802 sententiae,
623 3754 693 3803 quae
717 3740 843 3791 intexta
894 3741 957 3791 dum
975 3746 1064 3792 tamma
1097 3743 1212 3793 dubitari
1242 3746 1353 3811 nequit,
1382 3745 1442 3809 quin

289 3831 480 3893 illustrabitur,
504 3830 697 3882 obscuritatem
728 3838 756 3882 et
780 3847 841 3896 per·
892 3846 954 3883 eum
970 3834 1073 3885 uerbis:
1104 3835 1267 3899 „Falcidiam
1287 3838 1379 3888 locum
1398 3838 1441 3887 ha·

289 3924 446 3975 uersitatem
468 3929 497 3972 et
520 3922 625 3987 falsam,
650 3937 720 3987 quae
739 3939 841 3988 propo·
891 3925 956 3974 bere
974 3933 1002 3975 et
1024 3927 1177 3989 legatorum
1202 3930 1301 3981 modus
1331 3931 1394 3981 iacit
1417 3934 1442 3977 et

289 4022 413 4078 neretur,
432 4015 598 4079 opinionem,
630 4016 673 4073 ad,
694 4015 842 4066 Falcidiam
894 4018 964 4067 aeris
993 4018 1075 4069 alieni
1101 4022 1208 4084 onus,“
1231 4036 1286 4072 una
1310 4020 1441 4073 sententia

178 4173 182 4179 .
261 4108 484 4185 ¹detrahendum
529 4121 642 4157 caussae
687 4108 842 4169 cognitione
893 4111 1043 4160 arctissime
1063 4113 1215 4163 cohaereat.
1270 4114 1358 4165 Porro
1376 4127 1439 4162 uero

290 4214 359 4263 opus
378 4212 448 4260 csse,
475 4198 556 4250 huius
575 4199 774 4250 emendationis
794 4199 841 4247 ad·
891 4201 943 4250 hac
979 4205 1169 4255 emendatione
1197 4205 1327 4269 probata,
1364 4205 1440 4253 etiam

288 4289 443 4367 miniculum
460 4288 489 4339 in
506 4290 615 4341 turbate
634 4291 743 4354 penitus
762 4306 840 4354 para·
889 4294 975 4344 altera
999 4297 1132 4359 quaedam
1163 4298 1294 4348 correctio
1321 4296 1440 4347 facienda
