3067 5117
288 424 309 494 2

292 596 405 642 corum
427 572 491 640 huc
512 573 742 663 pertinentium
762 573 881 640 lactum
903 594 988 651 esse,
1008 583 1044 638 ut
1065 572 1131 639 iam
1151 570 1328 658 antiquitus
1345 568 1452 637 uerba

291 700 406 743 eorum
428 687 581 765 corrupta
599 676 718 743 luerint
747 688 843 762 atque
868 674 1048 751 mutilata,“
1070 672 1131 741 hac
1152 674 1309 762 opinione
1332 673 1451 739 ductus

291 778 486 867 corrigendo
508 790 541 845 et
561 778 766 845 emendando
789 777 877 845 haud
898 798 973 843 raro
996 786 1118 843 textum
1147 776 1317 843 restituere
1345 796 1450 841 cona-

289 892 422 947 tuaest.

396 982 465 1051 sed
486 995 520 1049 ut
543 1006 642 1049 unum
666 993 789 1049 tantum
810 982 981 1069 attingam:
1007 982 1035 1047 si
1057 1002 1135 1047 uere
1156 981 1372 1047 Huscbldana
1393 1004 1451 1048 ra-

290 1085 380 1151 tione
400 1085 483 1151 locis
504 1084 569 1150 illis
599 1086 854 1153 succurrendum
883 1096 970 1151 esset
998 1122 1039 1133 —-
1067 1105 1133 1170 quo
1166 1084 1251 1149 lacto
1277 1084 1345 1149 fere
1372 1082 1451 1148 ubi-

292 1208 355 1272 que
381 1185 560 1254 clarissima
580 1188 717 1254 efficitur
735 1188 896 1254 sententia
915 1192 1026 1273 —qui
1047 1187 1197 1252 euenisse
1220 1198 1387 1273 putemus,
1414 1196 1454 1250 ut

291 1310 423 1354 sensum
441 1288 539 1376 plane
559 1290 767 1377 perspicuum
789 1290 939 1356 homines
961 1288 1167 1377 corruperint
1190 1300 1223 1355 et
1243 1288 1451 1354 obscurain-

230 1439 234 1449 .
290 1389 418 1457 terdum
440 1414 477 1457 ac
497 1390 565 1459 lere
587 1394 741 1474 confusa,
761 1416 844 1479 quae
864 1393 970 1481 primo
1002 1391 1176 1459 uideantur
1198 1390 1322 1469 obtutu,
1349 1390 1452 1455 indn-

293 1492 421 1558 xerint?

395 1594 509 1682 Itaque
529 1596 670 1685 primum
690 1596 905 1676 coniecturis,
927 1606 1082 1684 quantum
1104 1594 1175 1662 fieri
1195 1607 1327 1682 posset,
1346 1595 1452 1662 absti-

292 1696 436 1763 nendum
457 1721 530 1766 esse
548 1702 672 1788 putaui.

395 1798 528 1867 Deinde
549 1801 636 1870 haud
657 1826 782 1892 pancos
798 1802 868 1871 uidi
898 1803 1109 1891 interpretes,
1140 1798 1196 1885 qui
1227 1818 1386 1867 summam
1413 1800 1450 1868 in

291 1899 355 1966 hoc
375 1901 443 1967 uim
463 1906 650 1990 posuerint,
681 1919 716 1973 ut
738 1906 848 1974 uerbis
870 1906 1073 1995 simplicibus
1096 1902 1198 1968 multa
1230 1902 1448 1981 subiicienda,

291 2001 412 2082 multa,
436 2026 520 2091 quae
551 2000 592 2074 ne
624 2008 810 2075 indicantur
829 2007 979 2095 quidem,
1006 2006 1216 2095 sagacissime
1245 2004 1446 2092 indagando,

292 2103 380 2170 idem
399 2116 566 2192 postremo
587 2132 628 2175 ex
648 2110 722 2197 lege
743 2111 884 2197 quadam
904 2110 1063 2188 eruerint,
1093 2124 1191 2195 atque
1220 2128 1344 2196 magna
1373 2130 1449 2173 cum

290 2215 358 2271 arte
377 2206 441 2292 ipsi
462 2208 597 2276 uixdum
617 2212 648 2278 ei
668 2213 845 2279 intulerint.

396 2308 590 2378 Cauendum
611 2314 711 2402 igitur
737 2315 826 2393 tuit,
851 2337 892 2380 nc
924 2312 1121 2379 celebratum
1151 2313 1249 2391 illud,
1279 2310 1368 2398 quod
1403 2310 1449 2377 de

290 2410 490 2479 Parrsnro
514 2414 641 2495 dicitur,
663 2418 770 2497 „inter
788 2417 890 2483 uerba
900 2416 1046 2504 legere,“
1065 2415 1162 2482 nimis
1184 2413 1449 2491 extenderemus,

290 2536 374 2581 neue
396 2537 540 2603 unquam
569 2518 800 2607 simpliciorem
827 2519 915 2585 uiam
951 2518 982 2584 ei
1017 2527 1308 2605 postponeremus,
1348 2538 1450 2601 quam

288 2616 429 2703 ingressi
451 2616 553 2685 multa
576 2620 872 2689 iureconsultorum
893 2619 1004 2686 uerbis
1034 2618 1089 2685 uel
1119 2617 1241 2686 addere
1261 2616 1315 2685 uel
1336 2616 1449 2683 detra-

287 2716 367 2785 here
387 2721 647 2807 cogeremur.*')

392 2820 568 2888 Praeterea
590 2833 696 2889 autem
719 2842 848 2910 semper
867 2834 1071 2902 teneremus,
1094 2843 1233 2890 necesse
1253 2814 1334 2899 luit,
1361 2819 1447 2886 anti-

288 2941 371 3006 quos
392 2921 427 2987 in
448 2922 526 2989 iuris
550 2924 796 3009 quaestionibus
818 2925 1037 2993 diiudicandis
1065 2948 1104 2993 ac
1123 2925 1299 3012 praecipue
1328 2924 1363 2988 in
1394 2923 1448 3002 iis,

289 3044 372 3107 quae
394 3023 436 3090 de
457 3025 656 3091 testamentis
681 3038 878 3106 statuerunt,
900 3027 1153 3106 confirmandis,
1185 3049 1283 3113 quam
1303 3024 1449 3091 maxime

288 3146 417 3213 semper
432 3127 595 3194 testatoris
617 3127 836 3211 uoluntatem,
858 3129 1037 3197 dummodo
1059 3140 1147 3196 recte
1168 3126 1317 3214 expediri
1345 3148 1448 3214 posse

287 3225 696 3317 uidereturtfirespcrisse:
718 3233 827 3318 itaque
848 3242 881 3298 et
901 3231 999 3298 nobis
1021 3232 1056 3297 in
1078 3230 1178 3298 dubia
1204 3228 1447 3316 interpretatio-

287 3328 338 3393 nis
361 3328 499 3412 ratione}
510 3353 639 3419 semper
657 3332 716 3399 fuit
748 3356 788 3399 ea
819 3333 1052 3421 praeferenda,
1083 3356 1181 3420 quam
1217 3331 1367 3419 proxime
1401 3330 1447 3397 ad

185 3512 187 3518 ,
287 3429 673 3513 testatoris1uolumatcm
694 3434 869 3513 accedere,
892 3436 1056 3523 praesumi
1076 3436 1192 3524 potuit.

393 3532 546 3620 Denique
579 3534 776 3602 studendum
816 3549 902 3616 erat,
940 3562 1040 3626 quum
1075 3538 1247 3626 generales
1286 3535 1447 3624 quasdam

285 3634 364 3699 iuris
385 3635 517 3723 regulas
537 3636 677 3725 nlt'sipsis
698 3639 839 3727 antiquis
862 3640 1090 3708 iureconsultis
1111 3639 1165 3707 uel
1186 3638 1348 3705 distinctis
1366 3660 1446 3702 uer-

285 3737 335 3802 bis
355 3760 527 3824 expressas
550 3739 603 3805 uel
624 3741 864 3827 propemodum
884 3743 1044 3810 indicatas
1058 3740 1265 3817 haberemus,
1285 3750 1321 3805 ut
1332 3761 1445 3805 earum

285 3851 478 3927 praecepta,
499 3840 747 4004 quantaveri
768 3855 893 3932 posset,
913 3846 1036 3932 ubique
1055 3842 1304 3921 adhiberemus,
1322 3862 1443 3929 neque,

282 4050 482 4062 ——.,

298 4190 339 4256 ”l
364 4192 405 4244 lle
425 4195 613 4262 contundatur,
632 4207 737 4261 precor,
766 4210 827 4261 spe·
880 4201 924 4245 est
946 4194 1106 4259 ambiguitas
1114 4179 1289 4258 ,ablactatis
1306 4192 1439 4257 interpre-

279 4282 355 4337 cialis
372 4286 440 4337 haec
458 4296 553 4340 nostra
570 4292 664 4353 regula
683 4303 743 4340 cnm
756 4304 829 4340 com·
878 4288 946 4339 tatio
977 4288 1083 4339 admitti
1111 4302 1169 4339 non
1193 4286 1301 4337 debet.“
1341 4286 1372 4336 L.
1395 4282 1439 4339 25.

279 4378 353 4429 muni
370 4378 429 4430 illa:
459 4382 566 4446 „Quum
592 4382 729 4434 inberbis
754 4379 830 4432 nulla
880 4376 905 4447 h.
925 4376 948 4431 l.
969 4380 1002 4430 de
1020 4382 1091 4443 legg.
1109 4378 1164 4433 111.
1188 4376 1325 4448 (xmp.
