3067 5117
697 1445 813 1493 CAPVT
835 1446 1020 1503 QVARTVM.

282 1622 647 1714 QVAESTIONES
694 1622 903 1700 PAVCAE
936 1624 1099 1701 MINVS
1133 1624 1242 1701 HVO
1276 1626 1438 1702 RESPl-

312 1759 532 1835 OIENTES
567 1758 747 1851 NEQVE
781 1760 964 1835 TAMEN
991 1760 1134 1853 QVAE
1161 1760 1404 1837 SILENTIO
1522 1862 1523 1893 1

383 1895 602 1972 POSSINT
627 1895 955 1996 PRAETERIRI,
982 1897 1343 1973 TRAOTANTVR.

1522 2024 1523 2103 l

1522 2138 1523 2181 l

803 2256 834 2339 s.
860 2257 907 2323 n.

473 2395 524 2445 ou
545 2394 823 2448 sruvunrronu
849 2394 1240 2460 ,‚QVANTOAMPL1vs.“

380 2570 435 2637 De
457 2572 665 2659 stipulatione
698 2586 883 2661 „quanto
918 2574 1132 2660 amplius“
1162 2572 1264 2639 uerba
1283 2572 1435 2649 facturus,
1522 2572 1523 2645 i

277 2670 411 2736 omnino
443 2694 511 2739 non
540 2684 642 2740 totum
673 2676 742 2741 eius
772 2678 885 2749 orbem
904 2674 1168 2742 circumscribere
1191 2674 1225 2738 in
1246 2685 1357 2739 mente
1380 2674 1435 2739 ha·
1522 2648 1523 2703 l

276 2772 358 2849 beo,
390 2773 449 2838 sed
471 2797 511 2839 eo
530 2786 654 2841 tentum
671 2777 815 2845 breuiter
836 2779 994 2865 attingere
1014 2776 1138 2862 placet,
1175 2798 1257 2860 quae
1294 2775 1435 2840 strictius

277 2872 319 2937 ad
341 2875 566 2959 quaestionem
584 2888 745 2956 nostram,
782 2902 878 2965 quam
899 2902 1058 2945 summam
1079 2876 1329 2963 proposuimus,
1364 2876 1434 2941 atti·
1522 2906 1523 2937 t

277 2998 355 3040 nere
375 2976 557 3045 uideantur.

379 3080 472 3146 Haeo
494 3082 603 3166 itaque
624 3082 808 3170 stipulati0,
839 3080 969 3167 quando
993 3080 1199 3159 usuuenerit,
1222 3078 1332 3144 multis
1354 3078 1434 3144 locis
1522 3078 1523 3147 l

277 3179 451 3259 docemur,
475 3182 657 3268 exquibus
682 3184 872 3249 exhibemus
893 3184 934 3247 L.
958 3184 986 3250 1.
1009 3183 1040 3266 §.
1064 3184 1112 3251 12.
1135 3182 1176 3247 ad
1195 3182 1280 3267 ch.
1301 3180 1410 3246 Folo:
1522 3192 1523 3251 t

357 3283 545 3359 „Interdum
579 3284 767 3350 omnimodo
803 3283 1024 3350 necessarium
1057 3294 1123 3359 est,
1171 3282 1312 3346 solidum
1351 3281 1435 3345 solui

355 3384 538 3469 legatariis,
583 3386 775 3472 interposita
816 3385 1042 3472 stipulatione:
1084 3384 1240 3466 „Quanto
1282 3382 1434 3469 amplius,

179 3547 181 3556 ,
233 3540 237 3545 .
354 3507 452 3570 quam
473 3478 532 3573 per
552 3486 661 3572 legem
680 3485 862 3552 Falcidiam
889 3486 1033 3563 licuerit,
1064 3485 1191 3551 reddi.“
1254 3484 1385 3561 Veluti,
1408 3483 1434 3548 si
1522 3486 1523 3517 l

355 3607 439 3670 quae
460 3610 480 3651 a
501 3587 627 3673 pupillo
649 3587 758 3673 legata
779 3588 860 3665 sint,
893 3611 961 3653 non
997 3586 1156 3652 excedunt
1188 3585 1323 3650 modum
1349 3584 1432 3670 legis

354 3686 542 3767 Falcidiae,
564 3711 735 3754 uereamur
755 3698 880 3765 eutem,
903 3711 945 3753 ne
966 3687 1135 3773 impubere
1156 3710 1195 3752 eo
1218 3696 1347 3751 mortuo
1371 3686 1434 3750 ulia

352 3790 463 3875 legato
484 3790 783 3871 inueniuntur,¹¹’)
808 3812 891 3875 quae
913 3789 1153 3855 contributione
1174 3788 1259 3854 laeta
1272 3786 1433 3853 excedant
1522 3812 1523 3881 p

352 3891 554 3959 dodrantem.
615 3892 707 3957 Idem
748 3890 866 3957 dicitur
901 3900 933 3955 et
969 3890 997 3954 si
1031 3889 1205 3976 principali
1237 3898 1430 3953 testamento
1522 3892 1523 3965 l

310 4193 376 4262 Η9)
395 4197 491 4260 Quod,
512 4198 591 4264 quale
611 4197 658 4259 sit,
678 4198 829 4247 ostendunt
879 4195 993 4259 (XXIX,
1012 4193 1061 4257 3.),
1097 4195 1127 4243 L.
1147 4193 1189 4244 8l.
1211 4196 1246 4244 ml
1267 4195 1318 4246 SC.
1343 4193 1429 4247 Treb.

272 4290 365 4340 vas
384 4290 422 4339 11.
458 4286 526 4351 181,
548 4286 574 4353 ξ.
598 4287 623 4338 3.
654 4288 677 4337 1.
703 4291 736 4341 de
760 4303 826 4352 pup.
878 4288 1014 4353 (xxxvl,
1036 4285 1069 4349 l.)
1093 4292 1151 4335 etc..
1522 4282 1523 4291 ’

272 4382 357 4431 subet.
369 4378 487 4446 (11‚16.)‚
507 4378 570 4431 L.8.
590 4382 742 4443 quemudm.
761 4388 824 4431 test.
