<?xml version="1.0" encoding="UTF-8"?>
<!DOCTYPE html PUBLIC "-//W3C//DTD XHTML 1.0 Transitional//EN"
    "http://www.w3.org/TR/xhtml1/DTD/xhtml1-transitional.dtd">
<html xmlns="http://www.w3.org/1999/xhtml" xml:lang="en" lang="en">
 <head>
  <title>
</title>
<meta http-equiv="Content-Type" content="text/html;charset=utf-8" />
  <meta name='ocr-system' content='tesseract 3.04.00' />
  <meta name='ocr-capabilities' content='ocr_page ocr_carea ocr_par ocr_line ocrx_word'/>
</head>
<body>
  <div class='ocr_page' id='page_1' title='image "./commentationesi00perngoog_0098.png"; bbox 0 0 3067 5117; ppageno 0'>
   <div class='ocr_carea' id='block_1_1' title="bbox 257 515 1515 3848">
    <p class='ocr_par' dir='ltr' id='par_1_1' title="bbox 282 515 1440 703">
     <span class='ocr_line' id='line_1_1' title="bbox 282 515 1440 605; baseline -0.002 -20"><span class='ocrx_word' id='word_1_1' title='bbox 282 540 400 585; x_wconf 88' lang='lat' dir='ltr'>norum</span> <span class='ocrx_word' id='word_1_2' title='bbox 421 516 634 605; x_wconf 70' lang='lat' dir='ltr'>possessione</span> <span class='ocrx_word' id='word_1_3' title='bbox 654 515 799 603; x_wconf 88' lang='lat' dir='ltr'>pupillus</span> <span class='ocrx_word' id='word_1_4' title='bbox 821 516 993 603; x_wconf 84' lang='lat' dir='ltr'>acceperit.</span> <span class='ocrx_word' id='word_1_5' title='bbox 1042 517 1094 584; x_wconf 76' lang='lat' dir='ltr'>Ab</span> <span class='ocrx_word' id='word_1_6' title='bbox 1120 517 1185 585; x_wconf 86' lang='lat' dir='ltr'>iam</span> <span class='ocrx_word' id='word_1_7' title='bbox 1212 516 1440 596; x_wconf 84' lang='lat' dir='ltr'>iudicauimus,</span> 
     </span>
     <span class='ocr_line' id='line_1_2' title="bbox 283 618 1000 703; baseline 0 -18"><span class='ocrx_word' id='word_1_8' title='bbox 283 620 428 687; x_wconf 89' lang='lat' dir='ltr'>ultimam</span> <span class='ocrx_word' id='word_1_9' title='bbox 448 620 533 687; x_wconf 88' lang='lat' dir='ltr'>banc</span> <span class='ocrx_word' id='word_1_10' title='bbox 550 618 711 685; x_wconf 88' lang='lat' dir='ltr'>rationem</span> <span class='ocrx_word' id='word_1_11' title='bbox 733 640 807 683; x_wconf 90' lang='lat' dir='ltr'>esse</span> <span class='ocrx_word' id='word_1_12' title='bbox 826 618 1000 703; x_wconf 89' lang='lat' dir='ltr'>potiorem.</span> 
     </span>
    </p>

    <p class='ocr_par' dir='ltr' id='par_1_2' title="bbox 282 717 1441 1315">
     <span class='ocr_line' id='line_1_3' title="bbox 390 717 1439 807; baseline -0.002 -18"><span class='ocrx_word' id='word_1_13' title='bbox 390 724 438 799; x_wconf 89' lang='lat'>1·,</span> <span class='ocrx_word' id='word_1_14' title='bbox 466 722 600 805; x_wconf 86' lang='lat' dir='ltr'>ltaque,</span> <span class='ocrx_word' id='word_1_15' title='bbox 627 718 656 783; x_wconf 90' lang='lat' dir='ltr'>si</span> <span class='ocrx_word' id='word_1_16' title='bbox 678 717 818 783; x_wconf 87' lang='lat' dir='ltr'>creuerit</span> <span class='ocrx_word' id='word_1_17' title='bbox 837 717 1000 787; x_wconf 75' lang='lat' dir='ltr'><strong>hereditas</strong></span> <span class='ocrx_word' id='word_1_18' title='bbox 1023 719 1159 807; x_wconf 89' lang='lat' dir='ltr'><strong>pupilli,</strong></span> <span class='ocrx_word' id='word_1_19' title='bbox 1189 719 1300 807; x_wconf 84' lang='lat' dir='ltr'>legata</span> <span class='ocrx_word' id='word_1_20' title='bbox 1320 744 1340 787; x_wconf 91' lang='lat' dir='ltr'>a</span> <span class='ocrx_word' id='word_1_21' title='bbox 1361 722 1439 787; x_wconf 90' lang='lat' dir='ltr'>sub-</span> 
     </span>
     <span class='ocr_line' id='line_1_4' title="bbox 284 818 1440 910; baseline -0.001 -21"><span class='ocrx_word' id='word_1_22' title='bbox 284 824 405 906; x_wconf 84' lang='lat' dir='ltr'>stituto</span> <span class='ocrx_word' id='word_1_23' title='bbox 415 823 529 889; x_wconf 88' lang='lat' dir='ltr'>relicta</span> <span class='ocrx_word' id='word_1_24' title='bbox 547 820 659 906; x_wconf 88' lang='lat' dir='ltr'>utique</span> <span class='ocrx_word' id='word_1_25' title='bbox 680 818 902 905; x_wconf 83' lang='lat' dir='ltr'>augebuntur,</span> <span class='ocrx_word' id='word_1_26' title='bbox 933 821 1027 905; x_wconf 88' lang='lat' dir='ltr'>quasi</span> <span class='ocrx_word' id='word_1_27' title='bbox 1056 820 1163 907; x_wconf 86' lang='lat' dir='ltr'>portio</span> <span class='ocrx_word' id='word_1_28' title='bbox 1189 822 1295 889; x_wconf 89' lang='lat' dir='ltr'>libera</span> <span class='ocrx_word' id='word_1_29' title='bbox 1321 845 1440 910; x_wconf 76' lang='lat' dir='ltr'>graua-</span> 
     </span>
     <span class='ocr_line' id='line_1_5' title="bbox 285 918 1441 1011; baseline -0.004 -19"><span class='ocrx_word' id='word_1_30' title='bbox 285 940 336 992; x_wconf 88' lang='lat' dir='ltr'>tae</span> <span class='ocrx_word' id='word_1_31' title='bbox 357 924 541 999; x_wconf 82' lang='lat' dir='ltr'>accesserit,</span> <span class='ocrx_word' id='word_1_32' title='bbox 562 920 639 987; x_wconf 86' lang='lat' dir='ltr'>licet</span> <span class='ocrx_word' id='word_1_33' title='bbox 659 919 793 986; x_wconf 86' lang='lat' dir='ltr'>alteram</span> <span class='ocrx_word' id='word_1_34' title='bbox 814 918 978 1006; x_wconf 87' lang='lat' dir='ltr'>quandam</span> <span class='ocrx_word' id='word_1_35' title='bbox 998 921 1182 1008; x_wconf 87' lang='lat' dir='ltr'>portionem</span> <span class='ocrx_word' id='word_1_36' title='bbox 1206 923 1351 1011; x_wconf 88' lang='lat' dir='ltr'>pupillo,</span> <span class='ocrx_word' id='word_1_37' title='bbox 1386 924 1441 1010; x_wconf 91' lang='lat' dir='ltr'>qui</span> 
     </span>
     <span class='ocr_line' id='line_1_6' title="bbox 282 1021 1440 1115; baseline 0.001 -26"><span class='ocrx_word' id='word_1_38' title='bbox 282 1026 358 1115; x_wconf 92' lang='lat' dir='ltr'>plus</span> <span class='ocrx_word' id='word_1_39' title='bbox 387 1025 485 1091; x_wconf 87' lang='lat' dir='ltr'>habet</span> <span class='ocrx_word' id='word_1_40' title='bbox 504 1047 546 1091; x_wconf 87' lang='lat' dir='ltr'>ex</span> <span class='ocrx_word' id='word_1_41' title='bbox 567 1022 731 1089; x_wconf 90' lang='lat' dir='ltr'>bonorum</span> <span class='ocrx_word' id='word_1_42' title='bbox 751 1021 986 1107; x_wconf 77' lang='lat' dir='ltr'>possessione,</span> <span class='ocrx_word' id='word_1_43' title='bbox 1008 1021 1196 1099; x_wconf 86' lang='lat' dir='ltr'>accessisse,</span> <span class='ocrx_word' id='word_1_44' title='bbox 1220 1024 1353 1111; x_wconf 84' lang='lat' dir='ltr'>proprie</span> <span class='ocrx_word' id='word_1_45' title='bbox 1375 1023 1440 1090; x_wconf 87' lang='lat' dir='ltr'>dici</span> 
     </span>
     <span class='ocr_line' id='line_1_7' title="bbox 285 1121 1440 1212; baseline -0.002 -20"><span class='ocrx_word' id='word_1_46' title='bbox 285 1137 436 1212; x_wconf 86' lang='lat' dir='ltr'>nequeat.</span> <span class='ocrx_word' id='word_1_47' title='bbox 489 1126 582 1189; x_wconf 88' lang='lat' dir='ltr'>Haec</span> <span class='ocrx_word' id='word_1_48' title='bbox 619 1122 780 1189; x_wconf 88' lang='lat' dir='ltr'>sententia</span> <span class='ocrx_word' id='word_1_49' title='bbox 812 1121 990 1189; x_wconf 82' lang='lat' dir='ltr'>clarissime</span> <span class='ocrx_word' id='word_1_50' title='bbox 1018 1124 1208 1211; x_wconf 80' lang='lat' dir='ltr'>exprimitur</span> <span class='ocrx_word' id='word_1_51' title='bbox 1233 1125 1275 1191; x_wconf 89' lang='lat' dir='ltr'>L.</span> <span class='ocrx_word' id='word_1_52' title='bbox 1293 1126 1325 1193; x_wconf 84' lang='lat'>5.</span> <span class='ocrx_word' id='word_1_53' title='bbox 1356 1125 1390 1209; x_wconf 76' lang='lat'>§-</span> <span class='ocrx_word' id='word_1_54' title='bbox 1412 1127 1440 1193; x_wconf 89' lang='lat'>1.</span> 
     </span>
     <span class='ocr_line' id='line_1_8' title="bbox 286 1222 898 1315; baseline -0.008 -22"><span class='ocrx_word' id='word_1_55' title='bbox 286 1228 328 1295; x_wconf 88' lang='lat' dir='ltr'>de</span> <span class='ocrx_word' id='word_1_56' title='bbox 348 1228 435 1315; x_wconf 83' lang='lat' dir='ltr'>legg.</span> <span class='ocrx_word' id='word_1_57' title='bbox 455 1236 575 1315; x_wconf 87' lang='lat' dir='ltr'>praest.</span> <span class='ocrx_word' id='word_1_58' title='bbox 608 1222 808 1306; x_wconf 85' lang='lat' dir='ltr'>(XXXVII,</span> <span class='ocrx_word' id='word_1_59' title='bbox 829 1222 898 1306; x_wconf 76' lang='lat'><strong>5.)=</strong></span> 
     </span>
    </p>

    <p class='ocr_par' dir='ltr' id='par_1_3' title="bbox 284 1322 1442 2029">
     <span class='ocr_line' id='line_1_9' title="bbox 365 1322 1442 1413; baseline -0.006 -17"><span class='ocrx_word' id='word_1_60' title='bbox 365 1329 463 1409; x_wconf 89' lang='lat' dir='ltr'>„licet</span> <span class='ocrx_word' id='word_1_61' title='bbox 482 1327 570 1394; x_wconf 90' lang='lat' dir='ltr'>enim</span> <span class='ocrx_word' id='word_1_62' title='bbox 592 1349 634 1392; x_wconf 86' lang='lat' dir='ltr'>ex</span> <span class='ocrx_word' id='word_1_63' title='bbox 654 1322 751 1389; x_wconf 91' lang='lat' dir='ltr'>uncia</span> <span class='ocrx_word' id='word_1_64' title='bbox 770 1323 867 1389; x_wconf 89' lang='lat' dir='ltr'>fuerit</span> <span class='ocrx_word' id='word_1_65' title='bbox 887 1324 983 1393; x_wconf 88' lang='lat' dir='ltr'>heres</span> <span class='ocrx_word' id='word_1_66' title='bbox 1003 1323 1181 1407; x_wconf 88' lang='lat' dir='ltr'>institutus,</span> <span class='ocrx_word' id='word_1_67' title='bbox 1203 1338 1330 1406; x_wconf 86' lang='lat' dir='ltr'>tamen,</span> <span class='ocrx_word' id='word_1_68' title='bbox 1354 1326 1442 1413; x_wconf 88' lang='lat' dir='ltr'>quod</span> 
     </span>
     <span class='ocr_line' id='line_1_10' title="bbox 347 1425 1269 1513; baseline 0 -18"><span class='ocrx_word' id='word_1_69' title='bbox 347 1430 518 1507; x_wconf 77' lang='lat' dir='ltr'>accessit,</span> <span class='ocrx_word' id='word_1_70' title='bbox 539 1426 673 1513; x_wconf 79' lang='lat' dir='ltr'>augebit</span> <span class='ocrx_word' id='word_1_71' title='bbox 691 1425 801 1510; x_wconf 85' lang='lat' dir='ltr'>legata</span> <span class='ocrx_word' id='word_1_72' title='bbox 821 1447 841 1491; x_wconf 88' lang='lat' dir='ltr'>a</span> <span class='ocrx_word' id='word_1_73' title='bbox 862 1426 1034 1495; x_wconf 88' lang='lat' dir='ltr'>substituto</span> <span class='ocrx_word' id='word_1_74' title='bbox 1054 1429 1269 1510; x_wconf 78' lang='lat' dir='ltr'>relicta.“⁹⁰)</span> 
     </span>
     <span class='ocr_line' id='line_1_11' title="bbox 284 1525 1440 1617; baseline -0.006 -15"><span class='ocrx_word' id='word_1_75' title='bbox 284 1536 354 1603; x_wconf 82' lang='lat' dir='ltr'>Fae</span> <span class='ocrx_word' id='word_1_76' title='bbox 390 1533 499 1617; x_wconf 85' lang='lat' dir='ltr'>itaque</span> <span class='ocrx_word' id='word_1_77' title='bbox 533 1536 724 1595; x_wconf 89' lang='lat' dir='ltr'>testamento</span> <span class='ocrx_word' id='word_1_78' title='bbox 753 1525 915 1613; x_wconf 89' lang='lat' dir='ltr'>pupillum</span> <span class='ocrx_word' id='word_1_79' title='bbox 944 1527 1124 1595; x_wconf 90' lang='lat' dir='ltr'>institutum</span> <span class='ocrx_word' id='word_1_80' title='bbox 1151 1530 1272 1597; x_wconf 91' lang='lat' dir='ltr'>habere</span> <span class='ocrx_word' id='word_1_81' title='bbox 1294 1528 1440 1597; x_wconf 83' lang='lat' dir='ltr'><strong>CCCC..</strong></span> 
     </span>
     <span class='ocr_line' id='line_1_12' title="bbox 284 1627 1441 1721; baseline -0.005 -18"><span class='ocrx_word' id='word_1_82' title='bbox 284 1639 456 1719; x_wconf 76' lang='lat' dir='ltr'><strong>Bonorum</strong></span> <span class='ocrx_word' id='word_1_83' title='bbox 474 1631 686 1721; x_wconf 79' lang='lat' dir='ltr'>possessione</span> <span class='ocrx_word' id='word_1_84' title='bbox 710 1639 823 1695; x_wconf 86' lang='lat' dir='ltr'>eontra</span> <span class='ocrx_word' id='word_1_85' title='bbox 850 1627 975 1695; x_wconf 87' lang='lat' dir='ltr'>tabulas</span> <span class='ocrx_word' id='word_1_86' title='bbox 996 1630 1166 1717; x_wconf 87' lang='lat' dir='ltr'>impetrata</span> <span class='ocrx_word' id='word_1_87' title='bbox 1183 1632 1301 1717; x_wconf 86' lang='lat' dir='ltr'>accipit</span> <span class='ocrx_word' id='word_1_88' title='bbox 1318 1630 1441 1708; x_wconf 82' lang='lat' dir='ltr'><strong>MCC,</strong></span> 
     </span>
     <span class='ocr_line' id='line_1_13' title="bbox 285 1727 1440 1819; baseline -0.003 -16"><span class='ocrx_word' id='word_1_89' title='bbox 285 1738 400 1804; x_wconf 85' lang='lat' dir='ltr'>relicta</span> <span class='ocrx_word' id='word_1_90' title='bbox 417 1735 545 1801; x_wconf 80' lang='lat' dir='ltr'>fuerant</span> <span class='ocrx_word' id='word_1_91' title='bbox 564 1757 585 1801; x_wconf 91' lang='lat' dir='ltr'>a</span> <span class='ocrx_word' id='word_1_92' title='bbox 604 1732 777 1799; x_wconf 88' lang='lat' dir='ltr'>substituto</span> <span class='ocrx_word' id='word_1_93' title='bbox 810 1727 962 1797; x_wconf 84' lang='lat' dir='ltr'><strong>DCCC..</strong></span> <span class='ocrx_word' id='word_1_94' title='bbox 1031 1732 1069 1799; x_wconf 88' lang='lat' dir='ltr'>Si</span> <span class='ocrx_word' id='word_1_95' title='bbox 1097 1732 1286 1819; x_wconf 89' lang='lat' dir='ltr'>simpliciter</span> <span class='ocrx_word' id='word_1_96' title='bbox 1317 1757 1361 1799; x_wconf 89' lang='lat' dir='ltr'>ex</span> <span class='ocrx_word' id='word_1_97' title='bbox 1395 1744 1440 1798; x_wconf 84' lang='lat' dir='ltr'>te-</span> 
     </span>
     <span class='ocr_line' id='line_1_14' title="bbox 286 1830 1440 1918; baseline -0.002 -15"><span class='ocrx_word' id='word_1_98' title='bbox 286 1848 446 1903; x_wconf 88' lang='lat' dir='ltr'>stamento</span> <span class='ocrx_word' id='word_1_99' title='bbox 467 1834 562 1901; x_wconf 88' lang='lat' dir='ltr'>heres</span> <span class='ocrx_word' id='word_1_100' title='bbox 583 1831 776 1909; x_wconf 82' lang='lat' dir='ltr'>exstitisset,</span> <span class='ocrx_word' id='word_1_101' title='bbox 798 1830 932 1898; x_wconf 78' lang='lat' dir='ltr'>baberet</span> <span class='ocrx_word' id='word_1_102' title='bbox 953 1830 1011 1909; x_wconf 97' lang='grc'>0.,</span> <span class='ocrx_word' id='word_1_103' title='bbox 1031 1843 1209 1918; x_wconf 75' lang='lat' dir='ltr'>praestaret</span> <span class='ocrx_word' id='word_1_104' title='bbox 1232 1832 1357 1914; x_wconf 70' lang='lat' dir='ltr'><strong>CCC„</strong></span> <span class='ocrx_word' id='word_1_105' title='bbox 1379 1835 1440 1901; x_wconf 90' lang='lat' dir='ltr'>iam</span> 
     </span>
     <span class='ocr_line' id='line_1_15' title="bbox 285 1930 1094 2029; baseline -0.006 -24"><span class='ocrx_word' id='word_1_106' title='bbox 285 1939 464 2029; x_wconf 72' lang='lat' dir='ltr'>praestabit</span> <span class='ocrx_word' id='word_1_107' title='bbox 483 1936 591 2005; x_wconf 87' lang='lat' dir='ltr'>solida</span> <span class='ocrx_word' id='word_1_108' title='bbox 610 1930 771 2010; x_wconf 80' lang='lat' dir='ltr'><strong>DCCC,</strong></span> <span class='ocrx_word' id='word_1_109' title='bbox 793 1932 926 1999; x_wconf 89' lang='lat' dir='ltr'>habebit</span> <span class='ocrx_word' id='word_1_110' title='bbox 948 1930 1094 2000; x_wconf 88' lang='lat' dir='ltr'><strong>CCCC..</strong></span> 
     </span>
    </p>

    <p class='ocr_par' dir='ltr' id='par_1_4' title="bbox 286 2033 1515 2417">
     <span class='ocr_line' id='line_1_16' title="bbox 391 2033 1438 2122; baseline -0.007 -16"><span class='ocrx_word' id='word_1_111' title='bbox 391 2043 443 2117; x_wconf 76' lang='lat'>2⁰,</span> <span class='ocrx_word' id='word_1_112' title='bbox 471 2038 597 2105; x_wconf 83' lang='lat' dir='ltr'>Eadem</span> <span class='ocrx_word' id='word_1_113' title='bbox 634 2036 663 2099; x_wconf 92' lang='lat' dir='ltr'>si</span> <span class='ocrx_word' id='word_1_114' title='bbox 696 2033 912 2121; x_wconf 84' lang='lat' dir='ltr'>permanserit</span> <span class='ocrx_word' id='word_1_115' title='bbox 949 2034 1066 2122; x_wconf 90' lang='lat' dir='ltr'>pupilli</span> <span class='ocrx_word' id='word_1_116' title='bbox 1100 2034 1281 2113; x_wconf 86' lang='lat' dir='ltr'>hereditas,</span> <span class='ocrx_word' id='word_1_117' title='bbox 1320 2034 1438 2121; x_wconf 86' lang='lat' dir='ltr'>legata,</span> 
     </span>
     <span class='ocr_line' id='line_1_17' title="bbox 286 2133 1439 2231; baseline -0.019 -22"><span class='ocrx_word' id='word_1_118' title='bbox 286 2152 385 2231; x_wconf 85' lang='lat' dir='ltr'>prout</span> <span class='ocrx_word' id='word_1_119' title='bbox 411 2139 563 2207; x_wconf 86' lang='lat' dir='ltr'>secundis</span> <span class='ocrx_word' id='word_1_120' title='bbox 589 2136 708 2203; x_wconf 90' lang='lat' dir='ltr'>tabulis</span> <span class='ocrx_word' id='word_1_121' title='bbox 733 2133 847 2201; x_wconf 88' lang='lat' dir='ltr'>relicta</span> <span class='ocrx_word' id='word_1_122' title='bbox 873 2146 958 2213; x_wconf 86' lang='lat' dir='ltr'>sunt,</span> <span class='ocrx_word' id='word_1_123' title='bbox 980 2134 1176 2223; x_wconf 83' lang='lat' dir='ltr'>praestanda</span> <span class='ocrx_word' id='word_1_124' title='bbox 1202 2158 1295 2212; x_wconf 79' lang='lat' dir='ltr'>esse,</span> <span class='ocrx_word' id='word_1_125' title='bbox 1324 2158 1439 2203; x_wconf 65' lang='lat' dir='ltr'>conse.</span> 
     </span>
     <span class='ocr_line' id='line_1_18' title="bbox 288 2236 1515 2332; baseline -0.007 -23"><span class='ocrx_word' id='word_1_126' title='bbox 288 2255 425 2332; x_wconf 89' lang='lat' dir='ltr'>quenter</span> <span class='ocrx_word' id='word_1_127' title='bbox 444 2240 608 2328; x_wconf 90' lang='lat' dir='ltr'>prioribus</span> <span class='ocrx_word' id='word_1_128' title='bbox 633 2238 807 2304; x_wconf 87' lang='lat' dir='ltr'>dicendum</span> <span class='ocrx_word' id='word_1_129' title='bbox 827 2247 891 2313; x_wconf 88' lang='lat' dir='ltr'>est,</span> <span class='ocrx_word' id='word_1_130' title='bbox 923 2237 1015 2303; x_wconf 82' lang='lat' dir='ltr'>salua</span> <span class='ocrx_word' id='word_1_131' title='bbox 1041 2237 1193 2303; x_wconf 85' lang='lat' dir='ltr'>nimirum</span> <span class='ocrx_word' id='word_1_132' title='bbox 1221 2248 1337 2325; x_wconf 89' lang='lat' dir='ltr'>quarta</span> <span class='ocrx_word' id='word_1_133' title='bbox 1364 2236 1438 2303; x_wconf 85' lang='lat' dir='ltr'>Fal·</span> <span class='ocrx_word' id='word_1_134' title='bbox 1514 2322 1515 2331; x_wconf 8' lang='grc' dir='ltr'>ἵ</span> 
     </span>
     <span class='ocr_line' id='line_1_19' title="bbox 286 2344 383 2417; baseline -0.062 0"><span class='ocrx_word' id='word_1_135' title='bbox 286 2344 383 2417; x_wconf 88' lang='lat' dir='ltr'>cidia.</span> 
     </span>
    </p>

    <p class='ocr_par' dir='ltr' id='par_1_5' title="bbox 287 2436 1515 2638">
     <span class='ocr_line' id='line_1_20' title="bbox 389 2436 1515 2524; baseline -0.004 -15"><span class='ocrx_word' id='word_1_136' title='bbox 389 2449 441 2522; x_wconf 81' lang='lat'>3⁰,</span> <span class='ocrx_word' id='word_1_137' title='bbox 471 2438 590 2509; x_wconf 90' lang='lat' dir='ltr'>Paullo</span> <span class='ocrx_word' id='word_1_138' title='bbox 612 2438 776 2505; x_wconf 78' lang='lat' dir='ltr'>difficilior</span> <span class='ocrx_word' id='word_1_139' title='bbox 804 2451 853 2504; x_wconf 86' lang='lat' dir='ltr'>est</span> <span class='ocrx_word' id='word_1_140' title='bbox 881 2439 1048 2524; x_wconf 88' lang='lat' dir='ltr'>quaestio,</span> <span class='ocrx_word' id='word_1_141' title='bbox 1087 2438 1115 2505; x_wconf 92' lang='lat' dir='ltr'>si</span> <span class='ocrx_word' id='word_1_142' title='bbox 1150 2440 1321 2507; x_wconf 89' lang='lat' dir='ltr'>imminuta</span> <span class='ocrx_word' id='word_1_143' title='bbox 1347 2440 1439 2507; x_wconf 78' lang='lat' dir='ltr'>fuerit</span> <span class='ocrx_word' id='word_1_144' title='bbox 1514 2436 1515 2494; x_wconf 64' lang='lat' dir='ltr'>l</span> 
     </span>
     <span class='ocr_line' id='line_1_21' title="bbox 287 2541 597 2638; baseline -0.029 -23"><span class='ocrx_word' id='word_1_145' title='bbox 287 2548 404 2638; x_wconf 90' lang='lat' dir='ltr'>pupilli</span> <span class='ocrx_word' id='word_1_146' title='bbox 424 2541 597 2610; x_wconf 87' lang='lat' dir='ltr'>hereditas.</span> 
     </span>
    </p>

    <p class='ocr_par' dir='ltr' id='par_1_6' title="bbox 257 2640 1514 3548">
     <span class='ocr_line' id='line_1_22' title="bbox 391 2640 1436 2729; baseline -0.004 -16"><span class='ocrx_word' id='word_1_147' title='bbox 391 2650 437 2713; x_wconf 87' lang='lat' dir='ltr'>Et</span> <span class='ocrx_word' id='word_1_148' title='bbox 463 2645 492 2713; x_wconf 91' lang='lat' dir='ltr'>si</span> <span class='ocrx_word' id='word_1_149' title='bbox 520 2641 652 2729; x_wconf 90' lang='lat' dir='ltr'>quidem</span> <span class='ocrx_word' id='word_1_150' title='bbox 678 2641 763 2708; x_wconf 88' lang='lat' dir='ltr'>ultra</span> <span class='ocrx_word' id='word_1_151' title='bbox 785 2640 977 2709; x_wconf 79' lang='lat' dir='ltr'>dodrantem</span> <span class='ocrx_word' id='word_1_152' title='bbox 997 2643 1067 2711; x_wconf 89' lang='lat' dir='ltr'>eius</span> <span class='ocrx_word' id='word_1_153' title='bbox 1091 2643 1180 2728; x_wconf 90' lang='lat' dir='ltr'>quod</span> <span class='ocrx_word' id='word_1_154' title='bbox 1201 2644 1370 2710; x_wconf 86' lang='lat' dir='ltr'>habiturus</span> <span class='ocrx_word' id='word_1_155' title='bbox 1390 2644 1436 2709; x_wconf 88' lang='lat' dir='ltr'>ui·</span> 
     </span>
     <span class='ocr_line' id='line_1_23' title="bbox 288 2743 1437 2826; baseline -0.01 -6"><span class='ocrx_word' id='word_1_156' title='bbox 288 2751 441 2826; x_wconf 87' lang='lat' dir='ltr'>debatur,</span> <span class='ocrx_word' id='word_1_157' title='bbox 461 2744 651 2811; x_wconf 90' lang='lat' dir='ltr'>substitutus</span> <span class='ocrx_word' id='word_1_158' title='bbox 677 2743 774 2809; x_wconf 80' lang='lat' dir='ltr'>fuerit</span> <span class='ocrx_word' id='word_1_159' title='bbox 795 2754 958 2822; x_wconf 88' lang='lat' dir='ltr'>oneratus,</span> <span class='ocrx_word' id='word_1_160' title='bbox 980 2745 1146 2812; x_wconf 90' lang='lat' dir='ltr'>deminuta</span> <span class='ocrx_word' id='word_1_161' title='bbox 1164 2745 1343 2813; x_wconf 89' lang='lat' dir='ltr'>hereditate</span> <span class='ocrx_word' id='word_1_162' title='bbox 1365 2745 1437 2811; x_wconf 91' lang='lat' dir='ltr'>sim-</span> 
     </span>
     <span class='ocr_line' id='line_1_24' title="bbox 257 2839 1437 2942; baseline -0.008 -24"><span class='ocrx_word' id='word_1_163' title='bbox 257 2839 260 2845; x_wconf 58' lang='grc'><strong>’</strong></span> <span class='ocrx_word' id='word_1_164' title='bbox 287 2853 415 2942; x_wconf 87' lang='lat' dir='ltr'>pliciter</span> <span class='ocrx_word' id='word_1_165' title='bbox 439 2845 616 2937; x_wconf 87' lang='lat' dir='ltr'>praestabit</span> <span class='ocrx_word' id='word_1_166' title='bbox 637 2869 741 2932; x_wconf 87' lang='lat' dir='ltr'>usqne</span> <span class='ocrx_word' id='word_1_167' title='bbox 768 2845 810 2911; x_wconf 88' lang='lat' dir='ltr'>ad</span> <span class='ocrx_word' id='word_1_168' title='bbox 841 2844 1032 2912; x_wconf 88' lang='lat' dir='ltr'>dodrantem</span> <span class='ocrx_word' id='word_1_169' title='bbox 1055 2845 1137 2924; x_wconf 88' lang='lat' dir='ltr'>eius,</span> <span class='ocrx_word' id='word_1_170' title='bbox 1160 2846 1249 2932; x_wconf 89' lang='lat' dir='ltr'>quod</span> <span class='ocrx_word' id='word_1_171' title='bbox 1270 2846 1437 2933; x_wconf 86' lang='lat' dir='ltr'>acceperit</span> 
     </span>
     <span class='ocr_line' id='line_1_25' title="bbox 286 2944 1439 3042; baseline -0.011 -21"><span class='ocrx_word' id='word_1_172' title='bbox 286 2957 395 3042; x_wconf 83' lang='lat' dir='ltr'>Finge</span> <span class='ocrx_word' id='word_1_173' title='bbox 421 2951 547 3039; x_wconf 89' lang='lat' dir='ltr'>pupillo</span> <span class='ocrx_word' id='word_1_174' title='bbox 574 2949 688 3014; x_wconf 86' lang='lat' dir='ltr'>relicta</span> <span class='ocrx_word' id='word_1_175' title='bbox 714 2947 815 3011; x_wconf 84' lang='lat' dir='ltr'>luisse</span> <span class='ocrx_word' id='word_1_176' title='bbox 833 2944 964 3025; x_wconf 81' lang='lat' dir='ltr'><strong>MCC,</strong></span> <span class='ocrx_word' id='word_1_177' title='bbox 993 2946 1100 3013; x_wconf 88' lang='lat' dir='ltr'>edicto</span> <span class='ocrx_word' id='word_1_178' title='bbox 1129 2948 1303 3015; x_wconf 85' lang='lat' dir='ltr'>commisso</span> <span class='ocrx_word' id='word_1_179' title='bbox 1332 2946 1439 3013; x_wconf 90' lang='lat' dir='ltr'>habuit</span> 
     </span>
     <span class='ocr_line' id='line_1_26' title="bbox 291 3046 1437 3136; baseline -0.014 -10"><span class='ocrx_word' id='word_1_180' title='bbox 291 3055 445 3135; x_wconf 81' lang='lat' dir='ltr'><strong>CCCC,</strong></span> <span class='ocrx_word' id='word_1_181' title='bbox 466 3078 486 3121; x_wconf 91' lang='lat' dir='ltr'>a</span> <span class='ocrx_word' id='word_1_182' title='bbox 507 3049 678 3118; x_wconf 89' lang='lat' dir='ltr'>substituto</span> <span class='ocrx_word' id='word_1_183' title='bbox 697 3047 811 3115; x_wconf 88' lang='lat' dir='ltr'>relicta</span> <span class='ocrx_word' id='word_1_184' title='bbox 830 3049 956 3114; x_wconf 82' lang='lat' dir='ltr'>fuerant</span> <span class='ocrx_word' id='word_1_185' title='bbox 975 3049 1035 3113; x_wconf 95' lang='lat' dir='ltr'>M..</span> <span class='ocrx_word' id='word_1_186' title='bbox 1083 3049 1121 3116; x_wconf 88' lang='lat' dir='ltr'>si</span> <span class='ocrx_word' id='word_1_187' title='bbox 1139 3046 1251 3115; x_wconf 90' lang='lat' dir='ltr'><strong>MCC.</strong></span> <span class='ocrx_word' id='word_1_188' title='bbox 1274 3072 1294 3113; x_wconf 90' lang='lat' dir='ltr'>a</span> <span class='ocrx_word' id='word_1_189' title='bbox 1317 3046 1437 3136; x_wconf 90' lang='lat' dir='ltr'>pupillo</span> 
     </span>
     <span class='ocr_line' id='line_1_27' title="bbox 289 3147 1438 3245; baseline -0.015 -17"><span class='ocrx_word' id='word_1_190' title='bbox 289 3159 479 3245; x_wconf 87' lang='lat' dir='ltr'>accepisset,</span> <span class='ocrx_word' id='word_1_191' title='bbox 487 3147 1210 3243; x_wconf 87' lang='lat' dir='ltr'>praestaredebuissetDCCCC.,retinuisset</span> <span class='ocrx_word' id='word_1_192' title='bbox 1219 3147 1335 3229; x_wconf 81' lang='lat' dir='ltr'><strong>CCC,</strong></span> <span class='ocrx_word' id='word_1_193' title='bbox 1346 3170 1438 3235; x_wconf 88' lang='lat' dir='ltr'>quum</span> 
     </span>
     <span class='ocr_line' id='line_1_28' title="bbox 287 3247 1514 3343; baseline -0.013 -16"><span class='ocrx_word' id='word_1_194' title='bbox 287 3283 367 3327; x_wconf 85' lang='lat' dir='ltr'>uero</span> <span class='ocrx_word' id='word_1_195' title='bbox 388 3256 526 3343; x_wconf 88' lang='lat' dir='ltr'>accipiat</span> <span class='ocrx_word' id='word_1_196' title='bbox 549 3252 683 3319; x_wconf 90' lang='lat' dir='ltr'><strong>CCCC.</strong></span> <span class='ocrx_word' id='word_1_197' title='bbox 705 3263 847 3331; x_wconf 90' lang='lat' dir='ltr'>tantum,</span> <span class='ocrx_word' id='word_1_198' title='bbox 877 3274 966 3337; x_wconf 90' lang='lat' dir='ltr'>„pro</span> <span class='ocrx_word' id='word_1_199' title='bbox 991 3250 1090 3317; x_wconf 89' lang='lat' dir='ltr'>modo</span> <span class='ocrx_word' id='word_1_200' title='bbox 1120 3249 1327 3337; x_wconf 87' lang='lat' dir='ltr'>patrimonii,</span> <span class='ocrx_word' id='word_1_201' title='bbox 1355 3247 1438 3335; x_wconf 88' lang='lat' dir='ltr'>qnod</span> <span class='ocrx_word' id='word_1_202' title='bbox 1513 3276 1514 3323; x_wconf 69' lang='lat'>3</span> 
     </span>
     <span class='ocr_line' id='line_1_29' title="bbox 288 3332 1514 3444; baseline -0.008 -18"><span class='ocrx_word' id='word_1_203' title='bbox 288 3362 330 3427; x_wconf 92' lang='lat' dir='ltr'>ad</span> <span class='ocrx_word' id='word_1_204' title='bbox 351 3382 425 3425; x_wconf 88' lang='lat' dir='ltr'>eum</span> <span class='ocrx_word' id='word_1_205' title='bbox 435 3356 624 3444; x_wconf 89' lang='lat' dir='ltr'>peruenit,“</span> <span class='ocrx_word' id='word_1_206' title='bbox 646 3354 755 3439; x_wconf 83' lang='lat' dir='ltr'>legata</span> <span class='ocrx_word' id='word_1_207' title='bbox 774 3352 964 3440; x_wconf 86' lang='lat' dir='ltr'>praestabit:</span> <span class='ocrx_word' id='word_1_208' title='bbox 985 3350 1134 3438; x_wconf 86' lang='lat' dir='ltr'>legatarii</span> <span class='ocrx_word' id='word_1_209' title='bbox 1153 3351 1320 3418; x_wconf 89' lang='lat' dir='ltr'>habebunt</span> <span class='ocrx_word' id='word_1_210' title='bbox 1330 3348 1437 3427; x_wconf 79' lang='lat' dir='ltr'><strong>CCC,</strong></span> <span class='ocrx_word' id='word_1_211' title='bbox 1513 3332 1514 3353; x_wconf 41' lang='lat'>¹</span> 
     </span>
     <span class='ocr_line' id='line_1_30' title="bbox 288 3452 1294 3548; baseline -0.011 -20"><span class='ocrx_word' id='word_1_212' title='bbox 288 3464 359 3548; x_wconf 89' lang='lat' dir='ltr'>ipse</span> <span class='ocrx_word' id='word_1_213' title='bbox 379 3457 530 3525; x_wconf 88' lang='lat' dir='ltr'>retinebit</span> <span class='ocrx_word' id='word_1_214' title='bbox 551 3454 603 3522; x_wconf 88' lang='grc'>0..</span> <span class='ocrx_word' id='word_1_215' title='bbox 643 3452 695 3521; x_wconf 88' lang='lat' dir='ltr'><strong>Cf.</strong></span> <span class='ocrx_word' id='word_1_216' title='bbox 715 3454 757 3518; x_wconf 90' lang='lat' dir='ltr'>L.</span> <span class='ocrx_word' id='word_1_217' title='bbox 779 3456 809 3521; x_wconf 80' lang='lat'>5.</span> <span class='ocrx_word' id='word_1_218' title='bbox 834 3476 883 3539; x_wconf 89' lang='lat' dir='ltr'>pr.</span> <span class='ocrx_word' id='word_1_219' title='bbox 905 3452 946 3519; x_wconf 89' lang='lat' dir='ltr'>de</span> <span class='ocrx_word' id='word_1_220' title='bbox 965 3452 1055 3539; x_wconf 85' lang='lat' dir='ltr'>legg.</span> <span class='ocrx_word' id='word_1_221' title='bbox 1078 3462 1197 3538; x_wconf 87' lang='lat' dir='ltr'>praest.</span> <span class='ocrx_word' id='word_1_222' title='bbox 1217 3453 1239 3517; x_wconf 94' lang='lat' dir='ltr'>i.</span> <span class='ocrx_word' id='word_1_223' title='bbox 1260 3453 1294 3517; x_wconf 86' lang='lat' dir='ltr'>l..</span> 
     </span>
    </p>

    <p class='ocr_par' dir='ltr' id='par_1_7' title="bbox 289 3548 1436 3848">
     <span class='ocr_line' id='line_1_31' title="bbox 393 3548 1436 3641; baseline -0.012 -16"><span class='ocrx_word' id='word_1_224' title='bbox 393 3559 540 3625; x_wconf 85' lang='lat' dir='ltr'>Euenire</span> <span class='ocrx_word' id='word_1_225' title='bbox 567 3567 675 3623; x_wconf 88' lang='lat' dir='ltr'>autem</span> <span class='ocrx_word' id='word_1_226' title='bbox 702 3564 827 3641; x_wconf 89' lang='lat' dir='ltr'>potest,</span> <span class='ocrx_word' id='word_1_227' title='bbox 858 3564 892 3619; x_wconf 92' lang='lat' dir='ltr'>ut</span> <span class='ocrx_word' id='word_1_228' title='bbox 928 3552 1045 3641; x_wconf 90' lang='lat' dir='ltr'>pupilli</span> <span class='ocrx_word' id='word_1_229' title='bbox 1072 3552 1302 3629; x_wconf 86' lang='lat' dir='ltr'>hereditatem,</span> <span class='ocrx_word' id='word_1_230' title='bbox 1339 3548 1436 3638; x_wconf 85' lang='lat' dir='ltr'>qualis</span> 
     </span>
     <span class='ocr_line' id='line_1_32' title="bbox 289 3652 1434 3741; baseline -0.014 -10"><span class='ocrx_word' id='word_1_231' title='bbox 289 3675 357 3731; x_wconf 90' lang='lat' dir='ltr'>erat</span> <span class='ocrx_word' id='word_1_232' title='bbox 377 3672 450 3729; x_wconf 90' lang='lat' dir='ltr'>ante</span> <span class='ocrx_word' id='word_1_233' title='bbox 472 3660 613 3726; x_wconf 85' lang='lat' dir='ltr'>edictum</span> <span class='ocrx_word' id='word_1_234' title='bbox 633 3656 859 3731; x_wconf 89' lang='lat' dir='ltr'>commissum,</span> <span class='ocrx_word' id='word_1_235' title='bbox 891 3654 920 3720; x_wconf 92' lang='lat' dir='ltr'>si</span> <span class='ocrx_word' id='word_1_236' title='bbox 940 3654 1141 3740; x_wconf 82' lang='lat' dir='ltr'>accepisset,</span> <span class='ocrx_word' id='word_1_237' title='bbox 1164 3654 1292 3719; x_wconf 88' lang='lat' dir='ltr'>soluere</span> <span class='ocrx_word' id='word_1_238' title='bbox 1316 3652 1434 3741; x_wconf 88' lang='lat' dir='ltr'>potuis·</span> 
     </span>
     <span class='ocr_line' id='line_1_33' title="bbox 290 3746 1435 3848; baseline -0.013 -17"><span class='ocrx_word' id='word_1_239' title='bbox 290 3778 340 3833; x_wconf 90' lang='lat' dir='ltr'>set</span> <span class='ocrx_word' id='word_1_240' title='bbox 360 3762 467 3830; x_wconf 90' lang='lat' dir='ltr'>solida</span> <span class='ocrx_word' id='word_1_241' title='bbox 485 3761 595 3848; x_wconf 88' lang='lat' dir='ltr'>legata</span> <span class='ocrx_word' id='word_1_242' title='bbox 615 3759 827 3835; x_wconf 89' lang='lat' dir='ltr'>substitutus,</span> <span class='ocrx_word' id='word_1_243' title='bbox 855 3756 920 3822; x_wconf 90' lang='lat' dir='ltr'>iam</span> <span class='ocrx_word' id='word_1_244' title='bbox 949 3778 1018 3822; x_wconf 91' lang='lat' dir='ltr'>non</span> <span class='ocrx_word' id='word_1_245' title='bbox 1047 3755 1162 3843; x_wconf 85' lang='lat' dir='ltr'>possit.</span> <span class='ocrx_word' id='word_1_246' title='bbox 1203 3756 1311 3842; x_wconf 81' lang='lat' dir='ltr'>Finge</span> <span class='ocrx_word' id='word_1_247' title='bbox 1333 3746 1435 3819; x_wconf 83' lang='lat' dir='ltr'>Mcc.</span> 
     </span>
    </p>
   </div>
   <div class='ocr_carea' id='block_1_2' title="bbox 290 3851 1436 3955">
    <p class='ocr_par' dir='ltr' id='par_1_8' title="bbox 290 3851 1436 3955">
     <span class='ocr_line' id='line_1_34' title="bbox 290 3851 1436 3955; baseline -0.016 -23"><span class='ocrx_word' id='word_1_248' title='bbox 290 3866 415 3955; x_wconf 90' lang='lat' dir='ltr'>pupillo</span> <span class='ocrx_word' id='word_1_249' title='bbox 442 3864 571 3940; x_wconf 87' lang='lat' dir='ltr'>relicta,</span> <span class='ocrx_word' id='word_1_250' title='bbox 597 3861 708 3948; x_wconf 83' lang='lat' dir='ltr'>legata</span> <span class='ocrx_word' id='word_1_251' title='bbox 725 3857 803 3925; x_wconf 90' lang='lat' dir='ltr'><strong>DC.</strong></span> <span class='ocrx_word' id='word_1_252' title='bbox 833 3882 853 3925; x_wconf 89' lang='lat' dir='ltr'>a</span> <span class='ocrx_word' id='word_1_253' title='bbox 880 3858 1064 3925; x_wconf 88' lang='lat' dir='ltr'>substituto.</span> <span class='ocrx_word' id='word_1_254' title='bbox 1111 3856 1310 3925; x_wconf 85' lang='lat' dir='ltr'>Substitutus</span> <span class='ocrx_word' id='word_1_255' title='bbox 1328 3851 1436 3939; x_wconf 89' lang='lat' dir='ltr'>accipit</span> 
     </span>
    </p>
   </div>
   <div class='ocr_carea' id='block_1_3' title="bbox 291 4073 490 4084">
    <p class='ocr_par' dir='ltr' id='par_1_9' title="bbox 291 4073 490 4084">
     <span class='ocr_line' id='line_1_35' title="bbox 291 4073 490 4084; baseline -0.005 0"><span class='ocrx_word' id='word_1_256' title='bbox 291 4073 490 4084; x_wconf 68' lang='grc' dir='ltr'>-ι--ι--ι-ι</span> 
     </span>
    </p>
   </div>
   <div class='ocr_carea' id='block_1_4' title="bbox 328 4224 880 4300">
    <p class='ocr_par' dir='ltr' id='par_1_10' title="bbox 328 4224 880 4300">
     <span class='ocr_line' id='line_1_36' title="bbox 328 4224 880 4300; baseline 0.013 -31"><span class='ocrx_word' id='word_1_257' title='bbox 328 4227 376 4300; x_wconf 77' lang='lat' dir='ltr'>aa)</span> <span class='ocrx_word' id='word_1_258' title='bbox 396 4231 439 4282; x_wconf 79' lang='lat' dir='ltr'>Cf.</span> <span class='ocrx_word' id='word_1_259' title='bbox 457 4229 489 4281; x_wconf 84' lang='lat'>1..</span> <span class='ocrx_word' id='word_1_260' title='bbox 510 4224 569 4283; x_wconf 71' lang='lat'>126.</span> <span class='ocrx_word' id='word_1_261' title='bbox 585 4242 625 4293; x_wconf 87' lang='lat' dir='ltr'>pr.</span> <span class='ocrx_word' id='word_1_262' title='bbox 644 4229 678 4277; x_wconf 81' lang='lat' dir='ltr'>de</span> <span class='ocrx_word' id='word_1_263' title='bbox 695 4227 767 4289; x_wconf 74' lang='lat' dir='ltr'>legg.</span> <span class='ocrx_word' id='word_1_264' title='bbox 786 4226 809 4279; x_wconf 88' lang='lat'>1.</span> <span class='ocrx_word' id='word_1_265' title='bbox 828 4225 880 4276; x_wconf 85' lang='lat' dir='ltr'>cit..</span> 
     </span>
    </p>
   </div>
   <div class='ocr_carea' id='block_1_5' title="bbox 0 0 1546 5117">
    <p class='ocr_par' dir='ltr' id='par_1_11' title="bbox 0 0 1546 5117">
     <span class='ocr_line' id='line_1_37' title="bbox 0 0 1546 5117; baseline 0 0"><span class='ocrx_word' id='word_1_266' title='bbox 0 0 1546 5117; x_wconf 95' lang='lat' dir='ltr'> </span> 
     </span>
    </p>
   </div>
  </div>
 </body>
</html>
