3067 5117
1233 380 1274 455 00

191 539 282 595 tuere
314 527 484 617 cogendus
523 528 593 599 erit.
652 529 691 601 si
724 554 805 601 uero
840 532 984 601 detracto
1018 528 1082 600 hoc
1116 530 1268 599 articulo:

191 631 424 718 „Quisquis
454 631 554 697 mihi
579 631 699 699 heres
720 634 846 711 erit,“
885 633 1075 704 substitutus
1094 633 1138 701 ita
1156 631 1268 706 fuerit:

190 732 357 809 „Titius
377 732 474 798 filio
494 756 582 798 meo
602 732 726 800 heres
748 744 888 813 esto,“
915 746 982 801 tum
1009 734 1037 799 si
1064 732 1154 805 solus
1183 733 1268 819 patri

187 830 284 898 heres
312 833 488 911 exstiterit,
517 834 727 902 nihilominus
756 837 925 923 cogendus
949 835 1024 913 erit,
1054 834 1267 905 hereditatem

186 934 305 1021 pupilli
335 936 520 1015 restituere,
549 935 577 1001 si
603 959 684 1003 uero
712 936 908 1004 coheredem
927 934 1094 1012 habuerit,
1115 934 1266 1002 retinebit

186 1035 304 1121 pupilli
323 1035 553 1116 hereditatem,
574 1038 651 1122 quia
671 1039 778 1125 potuit
795 1038 957 1105 coherede
977 1037 1116 1105 adeunte
1150 1057 1264 1122 quam·

185 1137 237 1202 uis
266 1136 338 1221 ipse
366 1136 467 1222 patris
496 1138 659 1205 omisisset
692 1138 919 1216 hereditatem,
956 1162 996 1205 ex
1035 1136 1263 1203 substitutione

187 1236 313 1303 adire.“
353 1238 537 1320 (lvalaravs
559 1238 636 1305 Lib.
657 1240 816 1305 XXXX.
842 1240 949 1325 Dig.).

211 1340 321 1423 Quam
347 1337 457 1425 legem
485 1350 595 1426 aperte
624 1342 847 1407 contradicere
873 1339 976 1426 ipsius
1003 1340 1144 1405 lunam
1167 1337 1200 1403 in
1219 1339 1261 1406 L.

112 1440 157 1507 40.
179 1441 235 1507 cit.
257 1450 289 1505 et
305 1441 347 1507 L.
361 1442 412 1507 42.
433 1441 487 1506 cit.
510 1442 626 1518 effatis,
648 1443 854 1509 manifestum
875 1451 933 1506 est.
978 1442 1141 1519 Attamen,
1163 1462 1263 1524 quum

111 1566 219 1609 omnes
239 1542 275 1607 hi
293 1541 360 1608 lori
380 1564 421 1607 ex
442 1541 559 1608 eodem
578 1544 720 1609 Ivsnsr
740 1544 843 1621 libro,
863 1542 1011 1629 Digestis
1034 1540 1178 1619 scilicet,
1202 1541 1260 1608 de-

109 1644 247 1729 prompti
270 1644 349 1721 sint,
377 1643 435 1707 uix
457 1642 592 1709 dubium
612 1666 710 1729 posse
731 1644 811 1709 oriri
830 1642 975 1718 uidetur,
1007 1643 1086 1729 quin
1108 1644 1259 1712 IVLIANO

19 1815 20 1820 η
109 1745 167 1830 ipsi
215 1754 305 1811 tanta
350 1744 581 1810 sententiarum
628 1746 793 1812 fluctuatio
846 1745 1062 1811 adscribenda
1098 1767 1166 1809 non
1209 1746 1284 1811 sit..

108 1848 469 1913 llvnflamtnuvcfflvs
496 1868 531 1931 p·
546 1848 618 1915 432
658 1847 933 1932 quemadmodum
954 1846 1036 1911 haec
1054 1849 1261 1916 concilianda

19 1993 20 1998 1
109 1949 187 2026 sint,
208 1948 280 2013 erui
296 1970 364 2015 non
384 1970 484 2034 posse
507 1947 654 2024 affirmat,
673 1970 780 2032 neque
802 1959 909 2015 tamen
932 1947 973 2013 de
992 1948 1140 2035 uestigiis
1161 1950 1258 2014 huius

19 2129 20 2134 ἵ
110 2049 291 2115 discordiae
317 2046 524 2113 inueniendis
552 2047 793 2133 desperandum
821 2071 893 2117 esse
925 2048 1117 2135 putauerim.
1158 2050 1259 2133 Quod

110 2152 189 2215 enim
217 2151 284 2216 iam
312 2172 412 2236 supra
438 2148 594 2232 (11.104.)
628 2150 878 2236 proposuimus,
906 2148 990 2215 inter
1019 2150 1060 2216 L.
1081 2150 1131 2218 28.
1159 2163 1191 2217 et
1206 2154 1257 2219 42.

19 2323 20 2330 χ
108 2251 167 2317 citt.
194 2251 273 2317 inde
298 2250 432 2315 fluxisse
469 2248 575 2314 uideri
606 2250 874 2336 discrepantiam,
921 2250 1011 2335 quod
1040 2251 1080 2317 ad
1111 2251 1257 2319 diuersas

19 2339 20 2344 ἵ
108 2353 341 2418 Pandectarum
370 2350 471 2417 series
501 2348 680 2435 pertinent,
717 2350 781 2417 hoc
812 2350 887 2415 loco
918 2372 1029 2415 rursus
1059 2363 1107 2418 est
1135 2354 1256 2421 auxilio

18 2467 19 2476 ¹
105 2454 294 2519 nouandum.
334 2451 480 2527 lienim,
502 2450 724 2538 quihus-pars
753 2451 984 2519 Sabiniuna
1014 2463 1082 2519 erat
1102 2456 1256 2533 curanda,

18 2555 19 2618 3
107 2578 198 2641 quum
220 2554 414 2622 sententiam
427 2554 618 2619 Minoum
639 2553 899 2644 comprobarent,
921 2564 1037 2640 sponte
1056 2577 1095 2619 eo
1113 2556 1255 2623 adduce-

18 2651 19 2680 ³
107 2657 234 2735 bantur,
268 2668 304 2721 ut
324 2657 394 2721 iure
417 2678 477 2720 suo
500 2654 550 2721 usi
571 2655 680 2721 locum
699 2656 859 2732 Ivuranr,
892 2678 956 2741 quo
979 2654 1078 2720 alium
1100 2656 1134 2721 in
1157 2658 1256 2725 finem

106 2759 286 2836 utebantur,
309 2758 360 2843 [in
382 2756 572 2842 quaestione
594 2755 718 2822 scilicet
744 2756 786 2823 de
807 2756 1007 2823 restituenda
1023 2758 1140 2845 pupilli
1160 2761 1255 2827 here·

106 2860 214 2945 ditate)
234 2860 413 2925 mutatione
432 2861 517 2925 lacta
539 2858 580 2923 ad
601 2882 693 2923 suam
716 2857 757 2923 de
779 2857 849 2923 iure
868 2857 1052 2923 abstinendi
1066 2858 1255 2945 opinionem

105 2961 320 3037 traducerent,
348 2984 430 3045 quae
460 2960 646 3027 coniectura
668 2981 708 3024 eo
736 2958 810 3044 ipso
842 2959 1068 3038 confirmatur,
1098 2959 1188 3045 quod
1204 2961 1254 3026 ul-

105 3062 177 3127 tima
202 3062 399 3149 paragraphi
424 3062 539 3128 citatae
566 3062 668 3127 uerba
695 3060 835 3126 alienam
861 3081 994 3145 prorsus
1021 3084 1040 3125 a
1070 3060 1136 3125 loci
1158 3061 1254 3126 huius

18 3183 19 3226 t
105 3173 212 3229 tenore
238 3165 381 3250 speciem
401 3173 608 3249 pertractant,
631 3186 706 3227 nam
734 3183 833 3246 quum
861 3160 902 3226 de
923 3160 1101 3229 hereditate
1129 3163 1254 3227 resti-

18 3323 19 3356 ,
106 3267 264 3332 tuenda
284 3277 413 3352 agatur,
434 3266 468 3329 in
488 3266 555 3331 fine
577 3262 617 3329 de
643 3260 870 3327 retinenda
899 3260 1026 3341 dicitur,
1050 3263 1139 3349 quod
1156 3264 1254 3351 plane

18 3359 19 3370 ¹
106 3366 227 3432 aberrat
249 3367 289 3432 ab
309 3368 452 3432 IVLIAM
472 3365 654 3452 proposito.
697 3362 749 3428 Of.
771 3363 802 3445 §.
823 3364 854 3428 4.
875 3362 965 3427 ibid..

202 3470 315 3554 Itaque
336 3469 371 3532 in
390 3467 451 3533 hac
469 3467 543 3552 lege
561 3490 628 3533 non
652 3465 787 3549 obloqui
808 3463 870 3527 sibi
890 3464 1089 3544 IVLIANVM,
1116 3466 1175 3531 sed
1195 3466 1254 3532 Iv-

105 3586 206 3636 Llarao
229 3570 488 3635 Tumorusravu
509 3567 648 3634 fidenter
668 3565 941 3649 statuamus.¹⁰⁸)

140 3943 206 4016 ¹⁰⁸)
223 3948 302 4004 luter
319 3945 407 4013 ipsam
424 3946 494 3997 hanc
517 3944 606 4010 legem
625 3951 653 3995 et
702 3956 784 3993 amru
802 3938 865 3991 loco
885 3952 1079 4007 supponamus,
1099 3939 1123 3994 si
1142 3938 1255 3991 exhere·

104 4038 133 4087 L
151 4037 189 4090 10.
207 4041 230 4102 ὅ.
247 4039 274 4092 2.
292 4038 317 4091 3.
337 4042 371 4091 de
384 4041 458 4102 uulg.
478 4045 505 4089 et
522 4054 585 4102 pup.
604 4036 652 4086 uix
704 4037 783 4083 datus
802 4034 882 4083 fuerit
892 4034 1021 4097 pupillus,
1035 4032 1077 4085 cui
1095 4034 1257 4091 substitutus

105 4133 255 4182 crediderim
274 4147 336 4182 esse
355 4130 547 4195 antinomiam,
577 4129 652 4193 quod
704 4132 747 4175 est
770 4132 926 4189 extraneus,
947 4132 974 4175 ct
988 4126 1010 4174 is
1023 4127 1131 4191 quidem
1143 4126 1258 4189 primum

104 4225 224 4286 proponit
242 4228 412 4275 livsemvs
437 4238 464 4287 p.
485 4219 536 4272 80..
575 4219 652 4282 Opus
703 4218 781 4267 solus
794 4224 896 4283 spatrc
913 4218 1060 4281 institutus,
1080 4218 1176 4267 deinde
1197 4232 1258 4266 cum

105 4315 171 4366 enirn
187 4318 296 4368 uidetur
315 4330 387 4381 esse,
416 4322 448 4365 nt
466 4312 584 4379 speciem
603 4310 650 4360 lv·
702 4308 784 4358 tertio
815 4310 934 4373 quodam
953 4310 1096 4359 coherede.
1120 4311 1151 4359 [ι.
1176 4304 1249 4367 405

1057 4392 1100 4459 7,
