3067 5117
279 423 342 491 242

281 593 360 648 suo,
399 593 462 659 ego
484 571 653 659 negatorie
678 567 831 647 intendo,
866 567 915 633 ius
949 567 980 632 ei
1016 589 1084 632 non
1107 589 1197 645 esse,
1230 565 1441 633 aedificatum

280 673 417 751 habere,
453 673 557 740 inuito
594 696 657 738 me.
714 668 932 736 Aduersarius
963 691 1031 734 non
1064 668 1210 734 defendit
1231 691 1300 733 rem
1322 689 1439 731 suam:

180 793 184 802 '
281 799 343 862 ego
366 796 538 862 possessor
560 767 691 840 exsisto.
744 768 985 847 Aduersarius,
1008 769 1035 834 si
1054 792 1228 856 possessor
1247 781 1352 845 esset,
1371 781 1438 833 sta-

280 889 348 942 tum
380 877 579 944 obtinentem
600 875 684 942 tueri
704 882 835 960 posset,
869 894 931 960 ego
967 895 1066 958 quum
1095 894 1271 956 possessor
1301 871 1440 934 effectus

281 979 353 1054 sim,
381 977 504 1064 etipse
531 989 648 1044 statum
668 975 868 1041 obtinentem
889 973 972 1038 tueri
993 985 1125 1059 potero:
1149 973 1323 1058 quaeritur,
1347 973 1440 1057 quis-

280 1103 355 1145 nam
378 1079 418 1144 sit
441 1091 542 1144 status
564 1080 629 1144 iile.
669 1079 714 1142 Et
732 1073 814 1161 ipsis
834 1075 963 1139 uerbis:
1006 1075 1103 1151 „Non
1125 1075 1274 1160 quidem,
1302 1085 1339 1139 ut
1358 1097 1440 1158 pro-

281 1181 367 1244 tinus
388 1179 570 1245 destruatur
592 1183 710 1263 opus,“
742 1186 893 1263 apparet,
928 1198 1003 1241 eum
1029 1200 1121 1254 esse,
1155 1178 1211 1262 qui
1246 1188 1319 1242 ante
1353 1198 1440 1258 opus

281 1288 478 1345 exstructum
507 1278 664 1354 obtinuit,
698 1277 762 1342 nisi
791 1276 880 1362 quod
911 1277 995 1342 intra
1016 1290 1138 1344 certum
1159 1290 1286 1365 tempus
1308 1277 1441 1342 actione

281 1381 422 1468 experiri
443 1379 630 1446 aduersario
655 1377 855 1444 conceditur.
901 1379 1012 1465 Agere
1036 1389 1143 1444 autem
1166 1378 1298 1444 debebit
1319 1376 1441 1442 aduer-

282 1484 402 1548 sarius:

430 1599 625 1650 s1.1’nns1·
649 1627 657 1644 .
687 1599 770 1645 Mun
791 1628 799 1644 .
823 1601 880 1647 rvs
904 1630 912 1645 .
933 1601 1016 1648 essu
1038 1630 1045 1645 .
1068 1598 1314 1646 snormcsuvu
1336 1627 1344 1643 .
1365 1599 1439 1644 ns-

431 1703 522 1750 nuuu
545 1701 699 1747 .1NV1T0
723 1701 825 1747 ΛΕ.

280 1792 373 1858 Haec
394 1799 501 1854 autem
523 1783 605 1848 actio
627 1794 724 1869 prout
755 1783 909 1850 seruitute
940 1782 1034 1850 altius
1067 1783 1215 1860 tollendi,
1251 1782 1306 1866 (ci.
1340 1805 1444 1867 supra

280 1893 396 1975 §.11.),
419 1913 439 1953 a
459 1885 568 1952 uicino
591 1884 758 1970 acquisita,
780 1885 834 1950 uel
852 1884 925 1970 ipso
948 1884 1017 1950 iure
1040 1885 1134 1950 altius
1154 1883 1291 1949 tollendi
1313 1905 1354 1947 ex
1375 1883 1441 1945 do-

281 1991 382 2056 minio
410 1986 624 2076 procedente,
659 1985 788 2061 nititur,
826 1985 991 2050 diuersum
1019 1985 1152 2050 habebit
1180 1983 1440 2057 fundamentum,

282 2104 336 2159 aut
358 2087 695 2175 „quiadominus
725 2095 858 2164 sum,“
888 2098 943 2152 aut
976 2087 1102 2172 „quia
1122 2083 1225 2150 mihi
1246 2083 1439 2148 seruitu-

281 2205 360 2258 tem
381 2189 549 2266 debes,“
572 2198 603 2253 et
633 2189 820 2254 alterutrum
840 2188 949 2272 itaque
971 2188 1030 2254 erit
1046 2185 1262 2273 probandum.
1304 2181 1372 2250 Sed
1396 2205 1440 2246 ue

281 2292 383 2358 uerbo
416 2289 547 2378 quidem
583 2289 763 2365 indicatur,
796 2311 924 2375 poenae
961 2311 1077 2355 caussa
1110 2285 1317 2372 probandum
1345 2307 1440 2348 csse:

284 2389 1055 2480 „quiaTunonhabesseruitutem.“

385 2495 502 2558 Poena
522 2490 631 2578 potius
657 2490 692 2554 iu
714 2513 754 2556 eo
777 2491 945 2570 consistit,
973 2489 1113 2579 primum
1136 2489 1226 2576 quod
1248 2509 1332 2574 opus
1354 2497 1440 2550 tam·

282 2595 339 2660 diu
358 2593 539 2670 inhibetur,
571 2592 676 2658 donec
708 2591 828 2677 egerit,
862 2593 917 2678 qui
948 2590 1193 2669 aedificauerat,
1227 2602 1259 2655 et
1285 2586 1374 2674 quod
1396 2610 1441 2652 ne

281 2695 484 2762 cautionibus
509 2694 640 2780 quidem
663 2692 746 2758 datis
780 2691 870 2758 uelut
903 2693 937 2756 in
975 2691 1085 2778 operis
1118 2691 1199 2756 noui
1233 2689 1440 2754 nuntiatione

281 2798 330 2862 ius
360 2797 455 2862 altius
492 2793 686 2861 aedificandi
722 2794 847 2860 interea
876 2793 939 2858 sibi
972 2805 1080 2880 potest
1117 2791 1302 2878 acquirere,
1337 2813 1441 2875 quum

280 2897 432 2962 nimirum
454 2919 520 2961 non
543 2894 660 2960 habeat
680 2894 938 2980 possessiouem,
960 2893 1079 2959 deinde
1100 2892 1191 2978 quod
1213 2915 1252 2958 eo
1292 2891 1442 2977 priuatur

280 2996 472 3074 commodo,
502 2995 592 3081 quod
622 2995 828 3060 aduersarius
859 3007 947 3060 actor
975 2993 1016 3059 de
1037 3015 1097 3058 suo
1119 2994 1257 3059 fortasse
1278 2994 1349 3058 iure
1370 3016 1442 3057 nou

280 3098 384 3183 possit
405 3097 566 3184 probare,
588 3095 665 3160 dum
687 3107 718 3160 et
740 3097 811 3180 ipse
830 3094 871 3158 de
893 3117 953 3158 suo
975 3093 1044 3158 iure
1066 3093 1205 3180 probare
1230 3117 1298 3158 non
1318 3105 1441 3180 potest·

279 3200 394 3283 Itaque
426 3220 512 3262 nunc
542 3196 658 3261 melior
686 3205 795 3260 manet
817 3194 961 3260 conditio
984 3193 1206 3280 possidentis,
1230 3193 1264 3259 id
1286 3205 1335 3260 cst
1356 3195 1441 3272 eius,

280 3299 322 3364 ad
345 3321 441 3383 quem
463 3298 502 3363 ab
525 3285 696 3362 indefenso
718 3296 885 3384 possessio
907 3306 975 3360 erat
995 3295 1160 3361 translata.

383 3399 525 3463 Prorsus
547 3408 654 3464 autem
675 3397 822 3462 similiter
838 3419 891 3460 res
909 3419 944 3460 se
964 3395 1062 3462 habet
1082 3398 1117 3462 in
1135 3399 1177 3463 L.
1201 3400 1249 3466 15.
1273 3396 1314 3461 dc
1329 3396 1374 3462 Ο.
1396 3397 1441 3462 N.

280 3499 333 3577 Ν.,
353 3497 416 3562 nisi
439 3497 595 3582 quodibi
617 3497 696 3563 alter
718 3497 813 3562 etiam
836 3520 930 3562 casus
952 3497 1093 3562 hicnon
1114 3509 1266 3564 tractatus
1290 3498 1441 3562 affertur:

387 3599 553 3681 Quamdiu
575 3597 779 3664 aedificatum
802 3621 869 3663 nou
891 3607 949 3674 est,
971 3597 1097 3663 uicinus
1115 3599 1243 3665 uidetur
1263 3621 1336 3664 esse
1358 3621 1442 3684 pos-

280 3724 406 3779 sessor,
429 3700 505 3785 quia
528 3699 689 3766 actionem
709 3697 929 3765 intendendo:

432 3820 463 3866 S1
486 3847 493 3864 .
513 3819 627 3865 Penus
650 3846 658 3864 .
685 3817 1024 3865 u·1n1.1vs.rt0n.
1051 3818 1440 3867 ussn.s1cnlu1csnu.

430 3919 554 3967 murro
577 3948 585 3964 .
606 3921 685 3965 Mu.

278 4005 403 4072 inhibet
426 4000 647 4070 aduersarium
677 4002 849 4068 aedificare
879 4002 1063 4090 cupientem
1085 4014 1266 4088 statumque
1288 4002 1444 4068 obtinen-

279 4120 344 4172 tem
376 4115 491 4168 tuetur.
541 4101 658 4187 Neque
687 4126 767 4168 uero
797 4103 831 4166 in
860 4105 1092 4170 controuersiis
1120 4128 1228 4170 rerum
1247 4103 1444 4190 incorpora-

278 4209 358 4272 lium
379 4206 538 4270 absonum
560 4223 631 4269 esse
655 4203 816 4279 uidimus,
840 4203 981 4270 eundem
1007 4204 1088 4270 iuris
1108 4227 1181 4270 csse
1209 4217 1242 4270 et
1268 4206 1444 4291 petitorem

277 4321 308 4378 et
328 4327 564 4399 possessorem.
605 4305 718 4394 Itaque
741 4305 814 4370 fieri
834 4315 959 4398 potest,
982 4316 1017 4372 ut
1036 4318 1151 4374 contra
1172 4327 1258 4387 eum,
1278 4307 1336 4396 qui
1354 4330 1442 4373 non-
