3067 5117
1195 422 1238 491 65

96 576 212 643 bnt-loni
230 578 324 643 loeus
346 574 407 643 erit
426 586 664 663 consequenter
685 576 744 654 iis,
765 598 850 662 qnae
872 576 914 641 ad
933 577 976 642 L.
993 576 1045 644 87.
1065 578 1098 661 3.
1118 578 1149 645 ti·
1174 574 1244 641 dis·

95 678 281 763 putanimus.
320 677 493 762 Denique,
516 678 544 743 si
565 688 701 761 uterque
725 676 869 763 pupillus
889 688 965 762 post
986 688 1123 742 mortem
1143 677 1243 763 petris

96 790 231 845 mortuus
265 775 327 854 sit,
362 798 474 843 rursus
496 776 711 863 ex‘nnnlogie
731 778 773 841 L.
795 778 845 844 11.
867 775 899 860 3.
919 776 951 843 6.
973 776 1014 841 ad
1034 778 1118 863 Leg.
1140 778 1243 856 Fele,

10 912 11 925 ¹
96 904 152 965 qun
170 878 335 945 interdum
366 876 408 942 sd
438 874 647 943 iustitutionis
678 876 878 943 intellectum
917 878 1139 943 reuocandum
1172 901 1244 945 esse

10 1018 11 1071 3
95 981 292 1046 substitutum
304 979 532 1064 comperimus,
555 976 756 1054 substitutus,
770 978 828 1043 nbi
846 976 987 1063 primum
1007 978 1099 1044 elteri
1117 979 1244 1065 pupillo

10 1114 11 1127 2
95 1082 179 1147 heres
202 1079 377 1158 exstiterit,
398 1080 482 1165 petri
504 1103 545 1145 ex
565 1091 656 1164 porte
676 1078 773 1145 heres
796 1080 957 1147 exstitisse
977 1080 1087 1165 itaque
1107 1079 1245 1147 coheres

97 1206 159 1249 esse
180 1182 313 1249 alterins
332 1180 449 1266 pupilli
471 1179 646 1266 putabitur.

188 1284 261 1349 lam
280 1304 360 1348 nero
381 1281 534 1347 facillime
556 1280 719 1368 quispiam
740 1280 917 1358 obiecerit,
951 1282 1034 1347 haec
1067 1282 1096 1345 si
1126 1283 1173 1348 ite
1192 1304 1245 1347 es·

97 1392 179 1457 sent,
215 1381 244 1445 si
272 1380 355 1449 forte
375 1382 519 1469 pupillus
546 1404 614 1447 non
637 1392 790 1447 oneratus
811 1382 902 1468 prior
922 1381 1119 1460 decesserit,
1152 1382 1246 1447 adhi-
1318 1393 1321 1400 '

96 1480 228 1547 bendum
265 1504 338 1547 esse
370 1483 411 1549 L.
444 1484 495 1551 87.
526 1483 558 1566 3.
579 1483 609 1549 5.
646 1482 688 1547 ed
718 1482 804 1568 Leg.
831 1481 933 1547 Fele..
973 1482 1046 1549 Nec
1075 1483 1246 1549 immerito.

96 1582 157 1649 Sed
178 1582 355 1648 dicendum
376 1595 440 1661 est,
473 1606 572 1669 quum
596 1582 730 1647 minus
753 1582 986 1651 testatoris
1010 1583 1247 1662 uoluntati,

97 1706 215 1768 qnam
237 1684 353 1750 casui
376 1684 493 1751 debeat
515 1683 723 1760 substitutus,
752 1684 842 1767 quod
862 1684 956 1782 prins
974 1686 1159 1771 portionem
1179 1710 1247 1753 non

10 1830 11 1875 3
97 1796 256 1871 manetem
277 1786 434 1871 attigerit,
467 1785 586 1853 iccirco
608 1806 747 1870 eequum
767 1785 891 1861 uideri,
912 1785 1145 1871 legatoriorum
1165 1810 1246 1854 con-

98 1887 155 1951 suli
174 1887 368 1964 commodo,
391 1896 423 1953 et
445 1909 574 1975 semper
594 1887 640 1953 ite
662 1908 731 1951 rem
763 1886 895 1963 heberi,
929 1908 968 1953 ee
1000 1889 1030 1953 si
1064 1889 1249 1975 portionem

98 1998 256 2055 oneratam
279 1997 353 2055 ente
374 1988 511 2054 liberem
532 1987 721 2053 substitutus
743 1988 915 2075 acceperit.
954 1988 1063 2072 Atque
1083 1989 1164 2055 haee
1186 2014 1247 2076 ge-

97 2091 190 2157 nuina
209 2100 259 2155 est
278 2090 320 2155 L.
344 2092 393 2158 14.
430 2091 462 2174 3.
483 2091 514 2160 2.
547 2089 771 2176 interpretatio
807 2101 840 2156 et
859 2091 1051 2157 Pnnrursur
1069 2112 1149 2155 uere
1169 2090 1248 2157 sen-

10 2262 11 2269 ,
97 2192 198 2257 tentis.

191 2293 376 2371 Postremo,
397 2315 497 2379 quum
519 2303 627 2360 cetera
646 2292 756 2361 omnis
775 2292 931 2378 liqueant,
952 2290 1132 2357 accuratius
1154 2292 1249 2377 panl-

10 2464 11 2487 χ
97 2392 190 2480 lisper
209 2393 236 2460 is
258 2415 353 2460 cesus
374 2392 504 2459 uidetur
524 2394 710 2462 tractandus
738 2418 829 2472 esse,
867 2391 895 2457 si
929 2403 1066 2479 utreque
1098 2395 1250 2480 portione

98 2504 223 2560 onerata
240 2494 392 2561 secundis
415 2516 545 2579 quoqne
567 2496 684 2563 tebnlis
705 2497 816 2585 legate
833 2493 953 2559 inerint
972 2495 1095 2574 relicta,
1121 2518 1160 2563 ae
1182 2507 1250 2565 tum

10 2638 11 2679 3
100 2595 222 2680 quidem
242 2595 325 2662 haec
345 2596 490 2664 notanda
508 2608 598 2665 sunt:

197 2699 245 2774 1⁰,
268 2694 357 2763 Fieri
379 2708 496 2784 potest,
516 2711 552 2764 nt
570 2699 678 2767 ulteris
699 2707 824 2765 tontum
844 2694 963 2761 tabulis
984 2699 1137 2779 secundis
1146 2700 1248 2789 legn-

10 2878 11 2883 ἵ
99 2808 161 2865 tnm
180 2800 229 2863 sit.
284 2798 361 2863 Hoc
397 2822 492 2883 cusu,
526 2811 727 2891 uterounque
757 2797 902 2889 pupillus
935 2798 1027 2884 prior
1061 2799 1249 2883 decesserit,

10 2902 11 2905 ’
100 2901 201 2989 legate
232 2900 425 2967 eseenndis
458 2899 576 2966 tabulis
607 2905 748 2987 primum
779 2899 1019 2968 contundentur
1038 2924 1113 2965 cnm
1133 2903 1249 2990 legetis

10 3046 11 3049 κ
102 3002 165 3067 eius
183 3002 353 3089 portionis,
375 3003 428 3069 cui
449 3002 646 3079 adhaerent,
667 2999 787 3067 deinde
818 3020 892 3066 cum
924 3001 1055 3067 alterins
1089 3006 1251 3089 portionis

102 3103 225 3191 legatis:
256 3125 321 3189 qno
344 3105 453 3181 lacto,
485 3127 585 3191 quum
605 3102 685 3170 nihil
707 3102 848 3168 liberum
867 3111 984 3180 restet,
1010 3102 1160 3189 legatae
1182 3108 1251 3192 pri-

10 3244 11 3249 .
103 3204 158 3269 mis
178 3204 293 3271 tabulis
314 3204 427 3271 relicte
453 3206 641 3291 neutiquam
663 3215 694 3269 et
725 3203 799 3291 ipss
830 3202 943 3287 sugeri
975 3225 1091 3290 posse,
1125 3229 1185 3291 per
1216 3232 1252 3274 se

105 3303 295 3393 intelligitur.

198 3411 249 3486 2⁰,
271 3408 309 3476 Si
329 3408 474 3494 utrisque
496 3409 614 3475 tabulis
635 3408 787 3475 secundis
809 3431 829 3475 a
848 3397 1021 3473 substitute
1042 3407 1139 3474 luerit
1161 3408 1253 3497 legu-

107 3516 181 3586 tnm,
218 3508 410 3575 difficillima
438 3532 491 3577 res
527 3521 591 3588 est,
625 3532 732 3596 neque
752 3520 861 3576 tumen
883 3531 966 3594 qnae
985 3510 1109 3595 regulis
1132 3513 1258 3577 nostris

110 3608 213 3677 subiici
233 3620 383 3695 nequest.

210 3711 335 3798 Finges
358 3710 447 3777 huno
475 3724 603 3779 essum:
635 3712 789 3779 Testator
819 3710 974 3797 relinquit
995 3710 1151 3789 0000,
1188 3713 1253 3779 duo

111 3812 238 3897 pupillos
259 3836 301 3879 ex
321 3814 455 3879 semisse
475 3812 629 3889 instituit,
658 3836 678 3879 n
701 3812 786 3879 Gaio
805 3811 935 3899 pupille
955 3811 1044 3899 legat
1066 3812 1203 3893 CXX„
1236 3841 1257 3882 a

113 3911 179 3979 Seio
198 3914 323 4001 pupillo
347 3912 481 3991 CLX,
522 3912 690 3979 Maenium
710 3914 839 4000 utrique
866 3913 1040 3979 substituit
1092 3915 1255 3985 Secundis

114 4012 178 4079 Gnii
195 4016 311 4083 tabulis
331 4016 421 4103 legat
440 4016 537 4094 LX„
560 4015 712 4081 secundis
736 4014 807 4083 Seii
827 4015 990 4080 LXXX..

201 4118 271 4183 lem
287 4141 329 4185 ex
347 4116 464 4204 regule
483 4127 596 4183 nostra
612 4115 722 4203 legata
735 4118 887 4183 secundis
907 4116 1025 4182 tabulis
1045 4117 1159 4183 relicta
1175 4141 1256 4184 eon-

113 4213 266 4287 lnndendn
287 4230 363 4287 sunt
381 4220 487 4307 primo
507 4217 582 4285 loeo
606 4241 680 4285 oum
703 4241 781 4295 sus,
815 4216 868 4284 eni
886 4218 1072 4296 adhaerent,
1094 4220 1257 4305 portione,

115 4316 237 4403 deinde,
268 4322 297 4389 si
319 4346 403 4411 opus
435 4321 550 4399 inerit,
578 4343 653 4387 cum
685 4320 818 4411 ulterius
839 4320 1000 4409 portionis
1030 4319 1160 4407 legatis.
1214 4324 1260 4387 Et

1002 4436 1023 4486 i)
