3067 5117
188 574 264 643 1111.
291 572 416 645 Vltimo
438 577 514 643 loco
535 578 736 645 monendum
756 588 817 656 est,
839 574 1049 663 quodmodo
1072 574 1250 662 attigimus,

91 674 131 740 ita
149 675 344 745 substituere
364 678 510 764 potuisse
531 689 737 745 testatorem:

165 776 333 854 „Gaius
377 791 423 845 et
454 780 601 847 Titius
638 780 726 845 filii
763 805 813 847 cx
851 779 1026 847 semisse
1062 776 1246 843 heredes

163 889 290 945 sunto
319 900 476 966 eosque
509 882 704 947 inuicem
727 878 1059 947 sibisubstitno.
1101 877 1147 945 Si
1167 900 1246 943 an·

161 981 394 1066 tequemio
415 1004 538 1049 suam
559 982 734 1049 tutelam
754 979 967 1055 uenerint,
988 978 1076 1045 uita
1095 978 1245 1044 deces-

162 1084 362 1147 serint—
391 1082 468 1147 uel:
500 1084 552 1161 ci,
585 1084 659 1169 qui
692 1102 912 1171 supremus
947 1078 1246 1145 decesserit-

157 1181 358 1249 Maeuius
380 1182 502 1251 beree
524 1193 657 1251 esto.“

182 1282 263 1348 Hoc
282 1305 361 1350 casu
382 1284 486 1351 Gaius
508 1295 540 1351 et
558 1286 664 1353 Titius
686 1296 818 1352 auctore
835 1288 878 1351 1..
897 1286 949 1353 87.
982 1284 1015 1369 S.
1034 1282 1068 1351 6.
1095 1280 1139 1347 ad
1158 1282 1243 1366 Leg.

87 1384 169 1451 Falc.
192 1406 265 1453 non
286 1382 380 1451 aliter
398 1384 581 1464 habentur,
616 1387 713 1454 acsi
747 1386 939 1473 simpliciter
957 1384 1094 1451 coheres
1116 1381 1244 1469 pupillo

88 1483 272 1551 substitutus
292 1483 398 1551 fuerit.
449 1486 495 1551 Hi
524 1487 632 1572 itaque
653 1488 736 1555 inter
756 1512 793 1554 se
814 1489 974 1554 rationem
994 1484 1161 1552 Falcidiae
1181 1506 1242 1569 pro

86 1584 199 1671 regulis
216 1587 358 1670 supraS.
368 1588 399 1653 4.
413 1588 591 1674 propositis
607 1588 774 1655 inducent.
795 1587 928 1655 Deinde
942 1610 1021 1653 uero
1039 1585 1150 1671 quoad
1165 1583 1244 1651 sub-

88 1686 226 1751 stitutum
247 1696 437 1753 extraneum
447 1688 675 1768 Hvscflxrvs‚
699 1690 754 1776 qui
775 1690 866 1757 solus
884 1688 973 1755 bunc
994 1710 1107 1753 casum
1126 1695 1244 1751 tracta-

87 1787 142 1865 uit,
160 1786 298 1875 plenam
320 1787 351 1853 ci
382 1788 655 1857 contributioncm
682 1792 866 1857 faciendam
888 1812 961 1857 esse
983 1788 1112 1863 statuit,
1145 1787 1243 1851 nixus

86 1890 122 1963 1..
140 1888 190 1957 87.
211 1888 248 1973 S.
267 1890 298 1955 7.
316 1887 358 1953 ad
377 1888 464 1975 Leg.
484 1889 599 1967 Fue,
630 1914 726 1975 quern
748 1893 857 1959 locum
879 1892 964 1957 infra
983 1887 1164 1955 accuratius
1185 1909 1244 1952 ex·

88 1988 307 2056 ominabimus.
365 1989 459 2055 H'aeo
482 2000 589 2057 autem
604 1990 659 2057 lex
680 1994 814 2058 omnino
835 1993 899 2057 buc
926 2012 995 2055 non
1015 1989 1176 2076 pertinet,
1213 1999 1246 2053 et
1357 2012 1362 2021 ¹

87 2089 186 2177 potius
206 2089 292 2157 haec
314 2089 396 2155 ratio
418 2089 548 2159 uidetur
568 2092 767 2161 instituenda
787 2115 870 2159 esse.

180 2192 311 2278 Finges
342 2201 528 2259 testatorem
563 2194 734 2279 reliquisse
756 2193 904 2272 CCCC,
926 2193 1047 2261 Gaium
1067 2201 1100 2257 et
1121 2189 1245 2257 Titium

86 2292 224 2379 pupillos
247 2312 289 2357 ex
310 2292 448 2359 semisse
463 2293 618 2372 instituit,
650 2296 774 2361 Titium
791 2297 877 2365 Gaio
910 2294 1091 2370 substituit,
1125 2291 1245 2360 Gaium

87 2393 177 2461 Titio.
237 2392 377 2467 AGaio
400 2392 441 2461 Ο.
472 2394 612 2482 legauit,
646 2398 776 2465 aTitio
798 2397 882 2466 01...
935 2397 974 2465 Si
1005 2394 1102 2463 ambo
1125 2392 1245 2459 mortui

89 2507 204 2574 essent,
229 2492 398 2565 Maeuium
422 2496 603 2575 substituit,
633 2518 736 2582 aquo
759 2496 885 2583 legauit
902 2500 956 2564 L..
997 2498 1132 2563 Mortuo
1154 2494 1244 2559 Titio

87 2596 133 2661 uel
153 2596 243 2664 Gaio
272 2596 417 2683 pupillus
438 2609 604 2686 superstes
627 2598 735 2665 solida
759 2600 929 2686 utriusque
955 2598 1116 2684 portionis
1135 2597 1246 2683 legato

87 2696 268 2784 praestabit.
321 2697 360 2765 si
381 2698 467 2765 Gaio
486 2701 638 2767 Maeuius
671 2699 766 2765 heres
800 2701 954 2776 exsistat,
987 2699 1058 2765 eius
1077 2696 1244 2785 legatariis

88 2822 123 2865 cx
142 2798 324 2867 hereditate
348 2798 424 2867 Gaii
443 2800 484 2867 L.
507 2802 764 2887 praestabuntur.
806 2802 845 2869 Si
866 2803 956 2868 Titio
976 2801 1128 2867 Maeuius
1148 2798 1244 2864 heres

9 2970 10 2981 χ
89 2900 239 2967 exstiterit
258 2922 300 2966 ex
320 2911 496 2987 praecepto
515 2902 557 2969 L.
579 2904 628 2969 11.
650 2904 681 2985 S.
704 2904 734 2970 5.
757 2902 799 2967 od
817 2904 903 2989 Leg.
924 2903 1016 2969 Falc.
1042 2901 1109 2966 dici
1127 2898 1244 2985 possit,

9 2982 11 3047 l
88 3002 271 3089 simpliciter
290 3002 416 3068 Maeuii
435 3002 545 3089 legata
565 3026 639 3069 cum
659 3004 793 3081 ceteris,
824 3003 935 3089 qualia
954 3003 1061 3069 Titios
1082 2998 1242 3074 debuerit,

9 3114 11 3143 t
88 3102 244 3171 contribui
265 3112 297 3169 et
315 3102 497 3169 Falcidiam
520 3127 561 3169 ex
583 3114 651 3170 tota
669 3104 848 3173 hereditate
870 3117 1007 3191 paterna
1025 3101 1154 3167 induci:
1186 3096 1241 3163 uel

9 3220 11 3273 ὲ
88 3228 124 3270 ex
141 3205 202 3283 iis,
227 3226 311 3291 quae
332 3203 373 3271 de
393 3204 554 3271 coherede
577 3205 748 3272 substituto
773 3205 1020 3294 disputauimus‚
1043 3200 1139 3267 statui
1162 3221 1242 3285 pos·

10 3320 11 3325 ’
89 3306 137 3384 sit,
172 3317 209 3373 nt
228 3304 335 3371 Titius
356 3316 389 3371 et
408 3306 560 3371 Maeuius
595 3308 687 3392 quasi
709 3331 776 3373 una
801 3307 982 3373 habeantur
1003 3325 1165 3392 persona,
1197 3298 1243 3364 ita

10 3488 11 3501 χ
88 3418 118 3472 ut
137 3408 278 3495 primum
302 3429 342 3473 ex
363 3417 539 3493 praecepto
561 3408 602 3471 L.
626 3410 673 3475 11.
695 3408 726 3491 §.
749 3410 781 3475 5.
816 3409 941 3475 Maeuii
968 3408 1078 3493 legata
1098 3402 1140 3468 ad
1161 3399 1242 3466 Titii

10 3516 11 3519 ’
87 3510 266 3595 portionem
282 3507 472 3585 referantur,
494 3506 613 3574 deinde
635 3531 677 3573 ex
697 3510 773 3574 Gaii
794 3510 946 3596 portione
967 3514 1158 3595 augeantur.
1197 3502 1243 3566 Et

87 3611 242 3696 posterior
260 3610 342 3676 baec
362 3608 444 3674 ratio
473 3609 687 3695 praeferenda
720 3622 786 3688 est,
819 3612 865 3675 ita
898 3621 1023 3686 tamen,
1060 3615 1095 3670 ut
1126 3625 1240 3669 rursus

87 3712 342 3787 consideremus,
377 3708 467 3795 quod
498 3732 567 3777 non
585 3711 767 3777 uoluntate
789 3712 889 3800 patris
911 3710 970 3777 sed
989 3710 1139 3775 iortnuae
1161 3726 1241 3771 casn

11 3848 12 3853 κ
88 3810 199 3879 iactum
221 3812 279 3889 sit,
316 3821 352 3875 ut
369 3811 521 3879 Maeuius
554 3811 633 3877 huic
664 3812 719 3879 uel
745 3813 794 3881 illi
828 3813 1001 3889 substituto
1038 3806 1241 3873 successerit.

11 3970 12 3973 ,
88 3914 193 4001 Itaque
214 3914 250 3979 in
270 3912 386 3999 legatis
407 3910 611 4000 praestandis
631 3913 836 3979 adiuuandus
869 3936 937 3979 non
969 3921 1037 3989 est,
1068 3908 1127 3975 sed
1161 3906 1241 3972 utri-

12 4046 13 4075 t
90 4036 211 4101 cunque
231 4013 394 4100 impuberi
413 4014 624 4091 successerit,
662 4014 787 4093 solida,
824 4014 852 4081 si
872 4015 944 4081 fieri
975 4021 1104 4101 potest,
1134 4010 1244 4097 legata

89 4114 268 4199 praestabit,
288 4124 321 4180 et
340 4125 408 4181 tum
428 4115 570 4193 demum,
594 4114 622 4179 si
635 4106 789 4183 oneratae
808 4115 928 4183 tuerint
946 4114 1127 4201 portiones,
1149 4110 1244 4188 ratio,

91 4238 181 4301 quam
202 4215 436 4294 iudicauimus,
457 4215 568 4281 locum
590 4216 733 4283 habebit.

184 4319 376 4395 Postremo,
408 4317 438 4383 si
457 4341 478 4383 a
501 4316 587 4383 Gaio
610 4315 700 4395 Chr,
723 4342 742 4384 a
761 4316 850 4385 Titio
874 4316 926 4395 0.,
947 4336 968 4383 o
987 4316 1089 4396 Titio,
1109 4326 1146 4381 ut
1169 4312 1247 4383 Gaii
