3067 5117
256 457 318 528 240

257 631 353 695 quem
374 609 402 674 si
422 608 501 695 quid
520 608 628 674 moliri
645 609 725 676 uelit
744 609 891 688 uicinus,
921 631 1004 696 opus
1025 596 1074 676 est
1095 609 1222 674 actione
1245 603 1335 672 ciuili
1356 629 1419 672 cx-

256 710 415 797 periatur,
448 708 512 776 hoc
546 721 604 788 est,
639 711 839 778 confessoris
860 711 911 775 .de
946 711 1100 776 seruitute
1128 719 1214 795 agat.
1255 708 1317 775 Sin
1331 730 1416 772 nero

255 810 400 876 immissa
421 821 496 875 sunt
513 811 623 896 tigna,
653 833 720 875 non
741 811 805 876 iam
828 811 962 876 domino
982 809 1145 875 sufficiunt
1170 809 1234 874 alia
1255 808 1333 872 iuris
1355 807 1418 874 ad·
1487 837 1493 844 ·

254 912 424 990 minioula,
457 911 521 976 nisi
551 923 583 977 et
605 912 678 998 ipsa
700 913 784 978 actio
808 912 931 988 ciuilis,
965 933 1063 997 quam
1091 910 1199 976 donec
1226 909 1415 985 intenderit,

254 1012 382 1078 uicinus
412 1023 521 1099 potest
548 1025 665 1079 statum
693 1013 894 1080 obtinentem
923 1012 1016 1078 tueri.
1063 1012 1125 1077 Illa
1151 1021 1259 1077 antem
1288 1010 1417 1076 domini

258 1114 341 1179 actio
367 1125 416 1179 est
434 1115 615 1200 negatoria.

357 1215 422 1282 Alii
451 1216 493 1282 ad
514 1216 674 1282 actionem
701 1227 825 1282 tantum
853 1215 1088 1282 confessoriam
1116 1225 1218 1282 toturn
1245 1214 1333 1280 hunc
1360 1212 1416 1278 lo-

254 1337 327 1380 cum
358 1315 521 1402 respicere
553 1331 766 1404 putauerunt,
799 1320 845 1384 ita
864 1329 917 1396 ut,
950 1316 978 1382 si
997 1315 1199 1382 consensoria
1227 1315 1415 1381 intendatur

252 1417 351 1504 tignis
374 1418 546 1495 immissis,
580 1419 707 1484 uicinus
737 1421 779 1485 sit
807 1421 887 1486 iuris
917 1431 949 1484 et
968 1418 1087 1505 petitor
1114 1428 1147 1482 et
1167 1438 1357 1503 possessor,
1383 1416 1415 1481 si

252 1539 321 1584 non
341 1518 405 1582 sint
426 1519 582 1599 immissa,
604 1532 726 1586 tantum
743 1522 872 1608 petitor,
895 1523 1042 1604 (anvs
1058 1543 1091 1606 p.
1111 1520 1197 1598 251.)
1215 1519 1273 1584 sed
1295 1519 1413 1584 etiam-

251 1619 277 1684 si
299 1617 361 1684 hoc
379 1619 485 1706 primo
508 1621 664 1707 adspectu
684 1645 799 1688 uerum
820 1645 892 1688 esse
913 1621 1019 1686 uideri
1042 1620 1164 1706 possit,
1198 1619 1279 1684 nihil
1300 1631 1412 1687 tamen

249 1719 401 1805 impedit,
423 1723 596 1806 quominus
618 1722 724 1788 statim
745 1720 787 1786 ad
808 1721 1011 1806 negatoriam
1032 1720 1142 1786 omnia
1156 1720 1346 1787 referantur.

352 1822 421 1888 Iam
442 1845 533 1901 uero,
556 1845 695 1909 quaeso,
720 1821 838 1907 quibus
861 1821 969 1885 uerbis
992 1822 1034 1886 sit
1052 1821 1277 1909 indigitatum,
1299 1823 1410 1888 domi-

247 1945 326 1988 num
346 1923 513 2010 negatoria
536 1934 686 2010 agentem
706 1921 777 2007 (uel
798 1947 817 1988 a
834 1944 1027 2008 possessore
1047 1922 1186 2009 petitore
1206 1923 1413 1991 confessoria

248 2035 460 2100 conuentum,
483 2035 518 2088 ut
539 2025 759 2092 Sofflquvs
782 2023 923 2110 explicat
942 2047 975 2108 p.
996 2024 1062 2108 13.)
1082 2023 1263 2090 libertatem
1281 2026 1411 2112 praedii

248 2124 298 2189 sui
322 2121 442 2190 debore
462 2124 625 2211 probare?
666 2126 774 2191 Huius
795 2149 837 2191 ne
857 2125 1032 2210 uestigium
1054 2124 1187 2209 quidem
1206 2138 1309 2191 exstat
1329 2149 1409 2192 scn-

246 2224 366 2290 tentiac
401 2235 569 2312 totumque
611 2226 874 2292 aduersariorum
912 2249 952 2291 co
989 2225 1153 2290 reducitur
1187 2227 1408 2306 ratiocinium,

246 2326 335 2412 quod
357 2349 539 2413 perperam,
564 2327 640 2412 quia
662 2328 735 2414 ipsa
756 2328 840 2393 actio
860 2325 1062 2393 confessoria
1081 2337 1113 2390 et
1134 2328 1303 2412 negatoria
1319 2351 1408 2412 quo-

245 2426 420 2492 dammodo
449 2428 532 2492 inter
556 2450 591 2492 sc
621 2429 793 2514 oppositae
815 2438 910 2505 sunt,
941 2426 1059 2491 iccirco
1082 2438 1114 2490 et
1138 2449 1220 2491 onus
1241 2428 1408 2512 probandi

245 2525 441 2592 contrarium
463 2541 761 2608 succensuerunt,
783 2529 828 2594 ita
848 2539 884 2592 ut
909 2526 986 2612 qnia
1015 2527 1049 2590 in
1075 2527 1279 2594 confessoris
1297 2530 1406 2595 serui-

244 2639 294 2692 tus
320 2627 496 2714 probatur‚
528 2629 645 2696 iccirco
673 2630 706 2695 in
728 2629 900 2718 negatoria
921 2627 1054 2694 libertas
1084 2652 1104 2693 a
1132 2630 1285 2696 seruitute
1306 2653 1407 2697 mon-

244 2729 338 2794 strari
358 2727 484 2796 debeat.

347 2831 477 2909 Restat,
500 2847 535 2897 ut
556 2855 764 2910 moneamus,
789 2833 878 2920 quod
898 2835 1157 2903 HVFELANDIVS
1177 2856 1211 2920 p,
1228 2833 1279 2901 64.
1308 2834 1405 2918 (ante

243 2956 318 3000 eum
350 2933 572 2999 Mnsoauovs
612 2935 689 3002 Vol.
718 2935 777 3012 III,
820 2935 926 3000 concl.
965 2936 1053 3002 1194.
1096 2959 1130 3000 n.
1157 2937 1223 3020 35.)
1273 2959 1403 3022 propo-

243 3036 323 3113 suit,
367 3036 501 3101 anvs
541 3036 682 3112 recoxit,
724 3046 825 3100 totam
863 3036 986 3101 scilicet
1010 3036 1095 3101 hanc
1122 3036 1231 3122 legem
1258 3037 1300 3102 de
1327 3037 1404 3104 sola

242 3137 397 3202 seruitute
420 3136 502 3222 tigni
520 3136 729 3214 immittendi,
761 3137 851 3202 uelut
871 3136 1030 3224 singulari
1047 3137 1403 3222 quadamseruitutum

243 3238 352 3324 specie
376 3260 491 3323 agere,
514 3235 594 3300 nihil
618 3260 707 3303 esse:
727 3262 803 3304 nam
823 3263 884 3304 neo
907 3239 1000 3324 leges
1018 3238 1052 3302 in
1073 3239 1222 3324 Digestis
1243 3241 1401 3325 proposi-

242 3352 293 3404 tae
315 3349 380 3404 tam
403 3338 498 3404 anxie
520 3337 639 3403 debent
660 3339 834 3426 explicari,
855 3362 962 3424 neque
984 3341 1136 3418 omnino,
1167 3339 1195 3404 si
1221 3352 1400 3424 possesso-

240 3441 284 3506 ris
306 3451 413 3528 partcs
434 3453 520 3508 recte
544 3439 784 3518 diiudicaueris,
805 3453 871 3506 tam
892 3442 1002 3506 stricta
1023 3440 1289 3526 interpretatione
1312 3462 1399 3526 opus

241 3551 299 3607 est.
340 3541 493 3620 Accedit,
524 3541 612 3628 quod
633 3541 667 3604 in
688 3542 842 3608 seruitute
863 3544 971 3609 oneris
991 3543 1118 3609 ferendi
1138 3541 1253 3608 cadem
1274 3543 1399 3621 omnia,

241 3665 323 3729 quae
343 3644 477 3710 PAP1vs
507 3666 541 3730 p.
562 3645 632 3712 252.
658 3641 699 3707 dc
727 3642 810 3730 tigni
840 3644 1033 3711 immittendi
1055 3644 1209 3711 seruitute
1230 3644 1398 3730 exposuit,

239 3743 335 3810 ctiam
355 3744 456 3810 multo
477 3743 672 3811 luculentius
694 3744 854 3810 accidunt.
