3067 5117
1277 376 1320 449 29

158 532 395 619 praestandum
416 531 485 597 luit.
534 528 624 615 Quid
650 529 772 617 igitur?
818 530 886 595 Res
914 550 1049 615 prorsus
1075 528 1193 595 eodem
1217 529 1317 595 modo

159 644 210 699 est
230 634 426 711 diiudicata,
457 656 554 720 quam
577 634 611 698 in
633 633 763 719 uulgari
793 630 1041 700 substitutione:
1081 632 1317 709 „Portione

158 747 345 801 onerata
385 733 620 801 accedente
660 758 744 799 non
795 746 999 801 oneratae
1046 733 1317 800 substitutus

157 859 273 902 suam
300 838 541 924 portionem
571 836 729 903 saluam
755 846 792 902 et
822 834 1071 901 accedentis
1100 835 1316 922 quadran-

157 950 239 1006 tem
269 938 463 1005 retinet.“

266 1044 310 1124 2.)
332 1043 379 1111 Si
398 1040 560 1129 pupilli
588 1044 740 1128 portio
771 1042 824 1107 sit
851 1062 938 1106 non
965 1051 1156 1118 onerata,
1186 1040 1316 1107 cobe-

156 1142 273 1209 redis
298 1156 487 1211 onerata.
528 1146 622 1209 Haeo
646 1144 773 1230 species
794 1153 946 1209 tractatur
964 1142 1006 1208 L.
1028 1142 1078 1209 87.
1099 1142 1132 1229 S.
1153 1145 1201 1210 5.:

242 1247 397 1329 „Quodsi
419 1246 565 1312 extranei
583 1244 712 1311 heredis
734 1245 832 1311 semis
853 1257 940 1311 totus
969 1245 1097 1331 legatus
1123 1244 1238 1323 fucrit,
1271 1246 1317 1310 is-

240 1372 306 1435 que
324 1348 470 1436 pupillo,
500 1372 520 1414 a
549 1370 613 1434 quo
634 1347 715 1411 nihil
735 1347 879 1434 legatum
907 1358 991 1424 erat,
1022 1369 1064 1411 ex
1090 1347 1318 1413 substitutione

241 1450 337 1516 heres
364 1451 538 1528 exstiterit,
574 1449 694 1536 poterit
723 1448 807 1526 dici,
841 1450 955 1536 augeri
987 1449 1097 1536 legata
1124 1460 1156 1515 et
1180 1450 1318 1535 perinde

243 1552 425 1639 agendum,
447 1576 485 1619 ae
507 1552 535 1617 si
555 1550 686 1618 cuilibet
709 1549 863 1617 coheredi
890 1551 1079 1617 substitutus
1099 1552 1231 1631 luisset,
1260 1576 1318 1618 eo-

242 1676 307 1738 que
329 1654 494 1720 omittente
511 1653 722 1721 hereditatem
744 1665 785 1719 eir
807 1678 879 1719 asse
902 1654 997 1719 heres
1021 1655 1214 1733 exstitisset,
1243 1656 1320 1741 quia

242 1778 371 1843 semper
394 1756 583 1821 substitutus
605 1756 770 1824 rationem
790 1754 872 1843 legis
891 1753 1058 1822 Falcidiae
1082 1780 1123 1822 ex
1142 1758 1318 1843 quantitate

241 1858 420 1936 bonorum,
442 1880 525 1943 quae
544 1869 637 1944 pater
654 1857 839 1943 reliquerit,
860 1865 997 1945 ponet,“

266 1962 373 2027 Huius
397 1959 480 2046 legis
502 1958 604 2024 uerba
625 1958 866 2045 simplicissima
885 1972 969 2025 sunt.
1016 1960 1086 2025 Nec
1115 1972 1224 2026 tamen
1246 1984 1319 2027 eam

159 2065 308 2131 attulisse
331 2063 462 2129 sufficit:
485 2072 534 2127 est
554 2062 653 2139 enim,
681 2062 771 2147 quod
791 2061 1058 2149 interpretatione
1077 2061 1235 2148 indigeat,
1264 2086 1315 2127 ar·

159 2176 351 2253 gumentum
374 2164 563 2229 aIvLIANO
586 2163 734 2229 allatum:

244 2267 344 2353 „quia
364 2286 492 2353 semper
503 2265 692 2331 substitutus
709 2265 869 2331 rationem
884 2267 966 2354 legis
975 2267 1142 2333 Falcidiae
1153 2290 1194 2333 ex
1212 2290 1316 2354 quan-

241 2370 330 2434 titate
349 2367 529 2445 bonorum,
554 2390 636 2455 quae
659 2380 752 2455 pater
771 2369 955 2455 reliquerit,
976 2384 1078 2455 ponet
1086 2376 1119 2447 ,“

159 2496 226 2559 quo
248 2469 379 2537 refutari
402 2468 529 2535 uidetur
549 2470 760 2554 prouerbium
788 2472 869 2535 illud
889 2472 968 2535 iuris
995 2472 1036 2537 L.
1059 2474 1108 2540 11.
1130 2473 1162 2557 §.
1180 2474 1212 2539 7.
1239 2470 1271 2536 b.
1293 2482 1316 2535 t.

158 2600 181 2641 a
198 2576 398 2640 Parmeno
419 2570 590 2657 prolatum,
613 2572 874 2660 „legatorum
894 2573 1102 2639 rationem
1123 2595 1316 2659 separan-

156 2678 261 2743 dam.
271 2682 292 2712 “

266 2770 335 2841 Sed
355 2771 435 2841 haec
458 2774 629 2842 difficultas
651 2798 692 2842 eo
716 2787 764 2841 est
783 2776 946 2856 tollenda,
969 2778 1057 2865 quod
1078 2787 1226 2866 apertum
1256 2787 1315 2854 est,

156 2878 204 2943 ita
226 2899 295 2941 rem
315 2876 450 2943 finxisse
468 2878 660 2956 Ivnlnrtvu,
681 2890 717 2943 ut
733 2902 752 2944 a
767 2879 894 2965 pupillo
916 2879 1031 2945 nihil
1050 2880 1194 2967 legatum
1215 2880 1317 2945 luisse

157 2978 378 3065 proposuerit.
434 2980 535 3063 Quod
557 2981 586 3045 si
605 2980 678 3058 fiat,
716 2981 926 3067 perspicuum
954 2992 1020 3059 est,
1048 2992 1135 3049 recte
1164 2983 1316 3067 iurecon-

159 3079 282 3145 sultum
301 3079 341 3144 de
361 3081 600 3147 contributione
619 3083 808 3169 portionum
828 3082 870 3148 ad
891 3083 1051 3149 soluenda
1078 3082 1188 3169 legata
1208 3082 1317 3147 dicere

156 3182 322 3269 potuisse,
344 3204 450 3269 neque
472 3206 555 3270 opus
577 3196 625 3249 est
652 3184 842 3269 quicquam,
863 3185 928 3250 nisi
948 3195 984 3250 ut
1004 3186 1039 3250 in
1058 3184 1179 3251 ultimis
1205 3184 1316 3251 uerbis

158 3285 258 3350 tacite
277 3284 485 3370 suppleamus
507 3286 675 3352 notionem
695 3285 801 3363 „hoc
823 3296 962 3352 casu.“

263 3386 531 3453 Vareasovrvs'
551 3387 682 3474 quidem
702 3388 742 3451 in·
757 3386 1000 3474 interpretanda
1020 3390 1081 3456 hac
1105 3390 1180 3478 lege
1203 3390 1318 3457 iteru'm

158 3488 297 3553 recurrit
325 3488 366 3553 ad
390 3488 442 3566 id,
476 3490 565 3576 quod
595 3488 636 3555 ad
667 3491 708 3555 L.
726 3489 777 3557 87.
805 3492 837 3575 S.
859 3492 889 3557 4.
926 3503 1140 3578 exposuerat,
1175 3492 1317 3557 lunam

158 3602 308 3676 tempore
326 3594 442 3656 reuera
461 3614 590 3677 semper
610 3592 644 3655 iu
671 3590 800 3677 uulgari
830 3592 1057 3658 substitutione
1085 3593 1318 3659 contributioni

158 3691 271 3757 locum
291 3691 409 3769 fuisse,
431 3715 531 3777 quum
549 3715 678 3780 semper
698 3693 753 3758 uel
772 3694 908 3781 proprio
938 3695 1070 3762 nomine
1097 3695 1152 3761 uel
1180 3695 1315 3760 omnino

159 3817 229 3859 nou
251 3793 401 3860 debuerit
422 3793 611 3860 substitutus
632 3794 780 3881 legatae
801 3795 962 3860 coherede
991 3795 1162 3862 deficiente
1192 3794 1316 3873 relicta,

161 3908 194 3960 et
214 3895 366 3961 concedit
383 3897 583 3963 Ivsumrmu
605 3908 691 3963 certe
720 3908 867 3985 tempore
896 3896 1034 3963 uerbum
1060 3897 1141 3963 illud
1172 3920 1315 3975 „sem-

159 4005 262 4083 per“
284 4020 352 4061 non
374 3998 471 4064 etiam
486 4008 573 4063 recte
595 3996 715 4064 dictum
736 3998 846 4075 fuisse,
867 4000 925 4084 (A.
946 4022 979 4085 p.
1000 4002 1071 4068 332.
1092 4000 1211 4079 n.30.l,
1233 4021 1317 4084 quae

160 4100 190 4163 si
210 4122 290 4165 uera
309 4098 530 4185 interpretatio
551 4110 655 4178 esset,
676 4124 744 4165 non
765 4100 972 4187 intelligitur,
1008 4124 1066 4167 our
1088 4100 1316 4188 compilatores

159 4200 274 4266 falsam
282 4202 480 4267 lvsulruntu
491 4202 690 4287 temporibus
698 4202 888 4288 opinionem
896 4226 1013 4269 uocem
1024 4204 1114 4269 illam
1122 4225 1316 4289 expungen-

162 4302 204 4369 do
214 4327 282 4369 non
293 4304 491 4382 sustulerint,
510 4326 609 4391 quum
621 4316 730 4370 tamen
747 4301 842 4369 huius
857 4305 906 4370 rei
920 4304 1056 4371 facultas
1074 4305 1114 4371 iis
1129 4304 1316 4372 datafuerit.
