3067 5117
365 513 467 578 sionis
486 511 574 580 idem
596 517 671 596 est)
702 537 754 580 me
776 515 945 580 dominum
965 538 1040 582 esse
1062 518 1133 602 agri
1153 518 1207 582 uel
1228 516 1373 592 sedium,
1401 517 1431 581 in

368 615 485 699 quibus
508 613 712 680 aduersarius
735 614 971 680 usumfructum
990 614 1061 681 'sibi
1081 617 1125 681 ait
1146 628 1348 703 competere,
1374 637 1431 701 ego
1515 632 1516 693 1

369 716 503 782 dicens:
1515 716 1516 749 ³

438 836 470 884 s1
492 837 626 883 muner
647 867 655 882 .
677 837 791 884 muvn
813 838 908 884 ‚uon
929 865 937 882 .
957 837 1127 895 nunnus,
1150 834 1433 883 vsvunuvorvu.
1515 820 1516 895 1

435 939 506 984 vnn
530 967 537 983 .
559 939 785 986 sunvrrvrnu
807 940 874 985 .1u
896 967 904 983 .
924 935 1022 984 sono
1044 921 1058 982 .’
1074 936 1149 984 uno
1172 967 1180 982 .

1515 1814 1516 1845 1

1515 2196 1516 2229 1

1515 2234 1516 2289 1

285 1042 401 1105 reapse
422 1021 503 1086 haee
525 1021 634 1088 dicere
656 1022 805 1106 (dixisse)
828 1020 961 1084 uideor:
983 1018 1169 1084 liberum
1191 1043 1211 1085 a
1232 1017 1435 1084 seruitute

286 1120 354 1184 uel
378 1122 614 1187 usufructu
637 1143 729 1188 esse
752 1145 897 1210 agrum
919 1142 1066 1197 meum,
1085 1132 1116 1185 et
1137 1120 1201 1185 hoe
1221 1141 1320 1185 sensu
1341 1141 1436 1184 oon-

285 1218 468 1284 fessorin
498 1233 547 1287 est
582 1223 717 1288 intentio
754 1222 891 1288 sotionis
919 1221 954 1285 in
981 1241 1069 1297 rem,
1098 1221 1246 1304 quamuis
1273 1220 1382 1286 uerbis
1402 1217 1438 1282 sit

283 1321 446 1406 negatiuo.

390 1423 627 1494 Tflnoeffluvs
655 1427 755 1514 igitur
780 1426 874 1505 dioit,
895 1438 971 1514 post
997 1423 1177 1490 dominium
1194 1422 1368 1509 probatum
1387 1421 1436 1486 uel

258 1547 261 1559 ·
287 1543 480 1590 eoncessum
501 1528 669 1613 negatoris
699 1540 850 1615 agentem
872 1525 1109 1593 confessoriam
1131 1523 1255 1608 aliquid
1271 1523 1436 1608 probasse,

287 1622 409 1688 seilicet
430 1624 609 1692 liberum
632 1651 725 1694 esse
748 1629 975 1694 dominium
996 1627 1183 1706 suumss)

389 1724 490 1806 Quod
511 1739 618 1794 tamen
635 1731 788 1808 diximus,
810 1731 906 1795 etiam
918 1727 1007 1792 nude
1021 1727 1286 1812 interpretatione
1305 1726 1437 1794 similem
1515 1806 1516 1811 ἵ

285 1821 361 1888 huio
387 1825 546 1892 rationem
569 1854 667 1916 posse
691 1832 778 1909 erui,
801 1853 840 1897 eo
867 1831 997 1906 nititur,
1019 1828 1108 1914 quod
1135 1849 1252 1894 reuera
1272 1825 1436 1912 Theophi·
1465 1880 1468 1884 .
1515 1852 1516 1919 3

285 1924 336 1989 lus
366 1949 405 1990 ea
439 1927 573 2009 dixerit,
605 1957 687 2018 quae
715 1936 885 2020 leguntur,
926 1930 985 1997 sed
1018 1952 1086 1994 non
1117 1951 1158 1994 eo
1185 1951 1306 2006 sensu,
1347 1951 1435 2013 quem

284 2045 331 2094 un
343 2027 444 2092 Ruen
456 2032 636 2119 suspicatus
658 2045 717 2112 est,
739 2034 832 2121 quusi
853 2030 1026 2098 intentioni
1041 2029 1186 2096 seeundo
1202 2030 1277 2096 loeo
1298 2028 1435 2115 positae:

435 2155 466 2200 sl
491 2184 498 2199 .
521 2157 636 2202 PARET
659 2184 666 2200 .
690 2155 849 2202 munuum
871 2183 879 2198 .
901 2151 989 2199 nusu
1009 2179 1018 2195 .
1041 2151 1199 2196 neuun.

284 2234 546 2302 satisfaciendum
570 2249 672 2314 esset,
706 2235 763 2302 sed
793 2235 886 2321 quasi
908 2233 1054 2299 dominio
1074 2233 1213 2318 probato
1237 2233 1314 2298 huie
1334 2233 1434 2297 inten·
1515 2298 1516 2315 χ

283 2335 372 2400 tione
392 2358 509 2402 reuera
529 2339 594 2402 iam
616 2337 814 2403 satisfactum
837 2359 909 2401 esse
926 2335 1097 2410 uideatur,
1130 2334 1176 2398 ita
1204 2346 1240 2398 ut
1268 2357 1339 2399 non
1365 2356 1434 2420 spe-

283 2435 366 2502 oiem
382 2436 570 2504 intentionis
589 2437 848 2525 probandae,
870 2435 930 2500 sed
955 2435 1131 2521 imaginem
1156 2437 1264 2522 potius
1285 2434 1433 2500 intentio·
1515 2462 1516 2521 3

282 2537 344 2613 nis,
366 2538 471 2622 qualis
495 2551 591 2626 post
613 2539 908 2626 probationem
931 2560 1003 2602 esse
1020 2534 1180 2613 uideatur,
1203 2536 1434 2602 Tfluonfflnvs
1515 2536 1516 2591 i

281 2638 473 2705 exhibuerit.
1515 2626 1516 2711 ζ

385 2741 429 2805 Et
448 2742 494 2808 itu
515 2744 702 2809 consociato
734 2766 807 2808 cum
830 2743 1024 2813 S'ruPHAno
1047 2739 1264 2804 Tnnonffluo
1288 2739 1331 2803 ad
1352 2739 1433 2824 ipsas

280 2841 435 2919 formulas
457 2867 670 2910 recurremus.
1515 2822 1516 2847 ¹

195 3217 199 3224 .
300 3153 559 3218 ⁴¹)Libertesfundi
578 3155 692 3217 quoad
710 3154 832 3218 probe·
883 3151 929 3202 nel
946 3152 1063 3216 probate
1080 3165 1142 3200 esse
1161 3150 1293 3211 fingatur,
1310 3151 1347 3198 ed
1366 3173 1431 3225 nop-

193 3238 194 3245 ,
278 3249 410 3300 tionem
427 3247 494 3298 nihil
514 3251 556 3295 eflt
595 3243 833 3322 κθμφξσῦόριθῒέ
882 3252 1049 3332 φεσσόρων
1070 3263 1213 3328 quicquam
1236 3268 1357 3314 morem
1374 3278 1432 3326 pm.

277 3349 388 3414 probari
413 3350 484 3400 enim
512 3365 568 3400 non
597 3354 702 3414 potest,
736 3349 788 3398 nisi
816 3364 831 3397 e
881 3371 990 3418 uocare,
1009 3372 1092 3420 quum
1109 3355 1169 3404 uice
1187 3368 1268 3404 uersu
1283 3355 1312 3406 in
1325 3356 1431 3406 notione

279 3441 430 3503 contrario,
459 3442 512 3490 hoe
533 3448 576 3490 est
593 3456 628 3489 ex
645 3441 768 3492 absentia
786 3456 831 3488 eu·
880 3448 1011 3497 libertatis
1031 3445 1223 3505 conficietins,
1241 3446 1311 3496 elios
1332 3449 1431 3497 abusu
1515 3454 1516 3459 ’

276 3533 633 3598 iusuiscircumseriptionis.
652 3533 829 3581 Attamenre·
881 3541 920 3588 rei
942 3555 1007 3589 guae
1027 3537 1200 3589 excludendi,

278 3630 319 3672 ete
332 3624 433 3686 dicitur,
447 3626 470 3674 si
490 3624 641 3688 probata
659 3624 704 3672 sit
719 3624 830 3673 libertos
