3067 5117
293 414 335 486 dd

294 571 378 639 ultre
406 569 619 661 quadrantem
650 570 757 663 portio
781 570 823 649 ad
843 571 1033 661 exhaustam
1054 569 1199 652 accedit,
1225 574 1285 641 sed
1304 570 1368 641 hoo
1387 596 1452 661 po·

293 673 375 753 tius,
397 674 485 761 quod
508 674 741 743 incrementum
770 677 862 759 nasci
883 677 980 745 debet
1008 676 1150 765 propriis
1172 676 1336 755 substituti
1356 677 1450 765 ipga-

295 776 401 859 tariis,
421 778 450 841 si
472 777 605 845 alteram
624 801 755 865 quoque
769 780 955 870 portionem
974 779 1031 847 ille
1051 780 1247 866 acquisierit.
1288 779 1371 848 Tale
1392 802 1453 845 au·

294 889 360 945 tem
381 878 616 946 incrementum
637 882 734 950 etiam
756 892 833 951 tunc
853 880 974 949 habere
997 895 1152 969 possunt,
1181 883 1210 947 si
1234 882 1342 954 minus
1370 902 1454 961 one·

294 992 364 1047 rata
389 982 497 1069 portio
525 982 629 1071 magis
660 994 813 1050 oneratae
839 984 1029 1063 accesserit,
1063 1008 1131 1050 nou
1160 983 1292 1071 quidem
1325 1006 1366 1049 ex
1399 1004 1453 1059 eo,

295 1081 385 1167 quod
407 1082 491 1150 ultra
513 1086 726 1171 quadrantem
748 1085 887 1152 liberum
917 1096 985 1163 est,
1010 1083 1070 1151 sed
1091 1096 1226 1172 propter
1246 1085 1351 1173 ipsam
1372 1107 1454 1150 con-

294 1184 503 1253 tributionem
524 1188 641 1255 factam
655 1188 724 1273 ³¹J=
755 1210 821 1273 qua
841 1187 882 1254 de
903 1209 1037 1265 caussa,
1065 1184 1094 1251 si
1123 1185 1205 1253 haec
1225 1188 1271 1258 ita
1293 1187 1455 1269 occidant,

295 1288 528 1376 praescriptam
554 1312 627 1356 esse
648 1288 922 1355 contributionem
940 1286 1121 1376 putandum
1143 1297 1202 1353 est.

399 1390 572 1478 Denique,
601 1390 629 1455 si
661 1389 703 1455 ad
723 1390 775 1456 ius
797 1389 1005 1457 accrescendi
1025 1389 1257 1476 respiciamus,
1288 1385 1369 1452 nihii
1392 1386 1455 1452 im·

295 1491 403 1581 pedit,
426 1492 599 1577 quominus
620 1490 726 1578 ipsam
745 1491 831 1579 hanc
857 1491 1005 1579 segidam
1025 1514 1065 1558 eo
1087 1512 1219 1577 quoque
1241 1488 1456 1571 ostendamus

297 1605 329 1661 et
348 1592 486 1659 fidenter
507 1589 757 1670 contendamus,
785 1592 950 1681 hocusque
975 1616 1089 1665 omnes
1107 1592 1167 1659 has
1191 1591 1403 1679 quaestiones
1423 1590 1458 1653 in

296 1716 501 1783 unaquaque,
513 1717 611 1781 quom
621 1694 797 1783 attigimus,
809 1695 887 1762 iuris
895 1706 987 1783 parte
999 1696 1113 1763 eadem
1121 1693 1356 1762 rationeiuisse
1364 1691 1456 1759 deci-

296 1796 432 1875 dendus,
445 1799 494 1878 ⁸²)
511 1796 545 1862 id
553 1796 642 1883 quod
658 1798 791 1885 egregie
798 1798 1111 1867 confirmaturL.59.
1121 1798 1143 1864 i.
1154 1798 1176 1862 f.
1186 1796 1227 1878 de
1235 1818 1306 1881 acq.
1316 1792 1371 1861 uel
1380 1816 1457 1859 om..

400 1901 447 1983 4.)
475 1898 523 1967 Si
553 1898 694 1987 primis
722 1910 762 1965 ct
790 1898 998 1967 secundis
1019 1898 1182 1987 tabulis
1203 1897 1351 1986 legata
1370 1895 1457 1960 sint

287 1997 454 2069 relicta.

400 2102 515 2170 Latius
547 2102 794 2189 disquirendum
820 2127 888 2169 non
918 2104 1077 2193 proposui
1098 2128 1173 2177 eum
1195 2124 1322 2180 casum,
1355 2098 1387 2165 si
1404 2122 1457 2169 se·

296 2202 412 2271 ouudis
434 2214 557 2271 tautum
576 2204 694 2273 tabulis
710 2206 821 2295 legata
840 2208 905 2273 sint
927 2207 1058 2287 relicta,
1077 2229 1186 2292 neque
1207 2204 1303 2271 ctiam
1322 2224 1456 2289 separa-

296 2305 354 2369 tim
374 2305 574 2373 tractandam
594 2330 666 2373 esse
687 2308 801 2375 censui
820 2307 906 2375 hanc
925 2310 1087 2397 speciem,
1110 2308 1138 2374 si
1160 2333 1180 2389 a
1199 2305 1361 2373 coherede
1384 2302 1455 2368 solo

297 2416 328 2473 et
349 2406 461 2493 primis
474 2418 506 2473 et
526 2408 677 2475 secundis
696 2409 815 2475 tabulis
834 2410 978 2497 legatum
990 2413 1042 2495 sit,
1063 2434 1161 2497 quam
1172 2420 1457 2493 utramquequae-

297 2506 438 2576 stiouem
458 2509 553 2576 facile
573 2512 842 2597 exsequentibus
863 2513 1057 2579 illustratum
1078 2512 1119 2580 iri
1139 2511 1261 2599 putaui.
1302 2508 1458 2596 Diligen-

297 2608 420 2676 tissima
441 2620 549 2677 tamen
570 2613 783 2680 excutiendus
805 2626 854 2681 est
884 2616 912 2681 is
933 2637 1047 2692 casus,
1075 2613 1104 2679 si
1124 2637 1144 2679 a
1165 2611 1337 2678 substituto
1359 2610 1458 2675 utris-

298 2734 361 2797 que
386 2712 523 2790 tabulis‚
552 2724 584 2779 et
608 2726 778 2801 praeterea
805 2740 826 2782 a
849 2716 977 2804 pupillo
1003 2714 1149 2803 legatum
1170 2715 1222 2781 sit
1276 2715 1388 2798 Quem
1419 2712 1459 2778 ad

296 2814 396 2883 finem
416 2815 586 2883 exordium
606 2815 762 2883 faciamus
785 2842 805 2885 a
830 2819 872 2885 L.
896 2816 945 2887 11.
964 2818 996 2901 S.
1016 2819 1059 2896 7.,
1080 2818 1172 2885 cuius
1194 2829 1339 2899 extrema
1357 2818 1460 2884 uerba

295 2914 377 2983 haec
398 2928 492 2983 sunt:

379 3016 559 3097 ,‚et.atiam
593 3040 741 3105 caussam
769 3044 843 3103 esse
871 3021 960 3101 eius,
987 3022 1044 3108 qui
1073 3044 1115 3104 on
1134 3020 1234 3087 uariis
1251 3019 1458 3107 portionibus

376 3119 470 3187 heres
492 3119 703 3189 scriberetur:
731 3122 777 3193 ibi
805 3123 892 3189 cuim
918 3123 1102 3210 legatorum
1121 3122 1281 3205 rationem
1301 3120 1458 3188 confundi

378 3244 447 3287 nou
467 3222 590 3301 minus,
613 3246 710 3309 quam
731 3226 759 3291 ei
779 3225 881 3293 semel
902 3224 1017 3292 fuisset
1032 3234 1237 3310 nuncupatus
1258 3246 1301 3289 cx
1319 3246 1359 3289 ea
1380 3244 1458 3309 por·

378 3324 488 3401 tione,
526 3348 610 3411 quae
652 3327 867 3393 conficeretur
902 3351 944 3394 ex
976 3328 1146 3413 pluribus,
1184 3347 1291 3411 neque
1326 3323 1457 3399 referre,

377 3449 459 3515 pure
487 3450 596 3516 saepe,
619 3452 661 3495 an
685 3428 746 3504 sub
766 3427 905 3493 diuersis
926 3427 1168 3495 conditionibus
1188 3428 1230 3507 sit
1248 3426 1344 3493 heres
1364 3424 1457 3491 insti-

379 3540 476 3595 tutus.
484 3536 505 3567 “

298 3714 498 3728 ...-...-.---

335 3835 381 3902 31)
407 3838 507 3900 Finges
525 3837 597 3889 hunc
620 3852 725 3893 casum:
754 3840 852 3893 Testa·
904 3837 970 3892 'citii
991 3836 1130 3889 habebunt
1150 3833 1273 3889 cnm.
1302 3837 1330 3883 et
1349 3832 1383 3883 ds
1400 3844 1455 3879 ¹1⁰⁰

296 3937 341 3981 tor
359 3930 488 3997 relinquit
497 3929 607 3995 CCCC„
619 3931 754 3995 pupillum
765 3939 793 3980 et
804 3933 852 3983 Ti·
903 3936 959 3979 tres
976 3936 1085 3994 partes,
1102 3929 1200 3994 pupilli
1218 3943 1286 3982 uero
1301 3922 1455 3975 CXXVIII·

296 4020 364 4073 tium
395 4036 431 4071 ex
455 4022 568 4074 semisse
593 4022 721 4085 institnit,
751 4022 853 4073 Titium
904 4027 932 4071 st
949 4022 983 4071 ds
1001 4036 1057 4073 uno
1076 4027 1205 4087 quattuor
1219 4026 1321 4085 partes.

297 4114 402 4179 pupilio
422 4113 568 4164 substituit.
610 4114 726 4177 negauit
743 4129 760 4164 a
778 4116 852 4167 Titio
942 4110 987 4177 ⁸²)
1006 4113 1090 4165 Nolui
1111 4113 1220 4177 saepius
1244 4114 1342 4163 afferre
1361 4113 1390 4164 in
1408 4113 1458 4162 hac

298 4204 853 4271 ccxxxx‚spuptl100nxxx..Sepa-
903 4220 933 4257 re
955 4205 1106 4271 singulares
1129 4206 1310 4257 murrum
1334 4211 1456 4265 conatus,
1520 4249 1522 4260 ‚

296 4299 363 4349 ratis
380 4297 553 4363 portionibus
571 4298 713 4364 utriusque
730 4298 853 4361 legatarii
903 4299 938 4347 ds
958 4297 1055 4364 quibus
1074 4298 1140 4348 satis
1159 4296 1230 4349 dixit
1242 4298 1455 4351 Vuuornovws

297 4391 430 4442 haberent
452 4390 517 4457 on,
548 4391 747 4444 contributione
781 4390 852 4442 mota
901 4390 937 4444 Δ.
955 4404 983 4455 p.
1001 4386 1063 4443 m.
1082 4404 1150 4456 seq..
