3067 5117
277 384 323 482 ⁷⁴.

288 614 292 618 ,
362 539 590 612 substitutione
613 542 704 613 tratri
725 566 786 612 suo
809 544 903 615 heres
932 548 1066 619 exsistet
1086 572 1129 617 eu
1149 550 1213 619 ulio
1235 551 1355 631 modo,
1383 552 1434 621 uel

361 666 403 714 ex
417 666 457 715 eo
480 655 624 731 apparet,
641 647 731 733 quod
752 647 832 715 elias
854 648 893 715 eb
912 673 951 717 eo
973 650 1085 737 legere
1110 662 1201 738 peter
1218 655 1334 739 potuit,
1356 654 1433 719 elias
1525 686 1526 737 p

362 768 431 816 uon
448 745 564 833 potuit.
601 748 663 814 Est
689 748 789 835 igitur
812 750 931 817 rationi
960 774 1167 841 congruens,
1194 777 1236 824 ue
1263 754 1338 841 plus
1358 755 1435 823 iuris

361 848 449 915 oiroe
468 869 645 935 personum
664 850 827 917 substituti
846 863 981 923 testetur
1004 854 1143 934 hebeat,
1164 879 1262 943 quem
1281 856 1436 926 habuerat

359 949 396 1017 iu
415 971 476 1026 eo,
500 948 553 1015 oui
571 972 647 1017 eum
666 950 919 1020 substituebat.“

384 1050 497 1118 Verba
525 1051 621 1116 nitate
657 1052 923 1138 interpretatione
953 1058 1010 1123 uix
1043 1070 1122 1146 puto
1155 1062 1314 1149 indigere.
1371 1040 1437 1127 Cur

281 1153 368 1219 enim
386 1152 493 1239 legari
511 1152 617 1241 possit
636 1152 678 1219 sb
699 1153 920 1233 exheredato,
956 1158 1012 1243 qui
1043 1161 1234 1233 substitutus
1269 1174 1318 1229 est
1350 1162 1437 1227 fratri

279 1254 441 1341 impuberi
458 1254 624 1332 iustituto,
645 1278 705 1342 per
727 1278 763 1323 se
785 1256 919 1343 plenum
940 1270 1006 1337 est,
1041 1285 1141 1348 quum
1161 1264 1252 1331 nullo
1274 1264 1374 1333 modo
1398 1262 1436 1329 ab

279 1357 425 1428 instituto
449 1373 603 1423 extraneo
621 1355 677 1423 ille
703 1355 745 1421 sit
765 1356 1027 1445 distinguendus.
1064 1364 1125 1433 Sin
1156 1377 1263 1433 eutem
1284 1364 1436 1431 substitu·
1525 1358 1526 1363 ’

280 1469 331 1530 tue
352 1483 421 1526 non
439 1458 556 1535 fuerit,
588 1480 660 1537 our,
681 1458 758 1525 lieet
777 1459 882 1527 fratris
904 1461 1114 1532 hereditatem
1143 1467 1304 1553 acceperit
1326 1466 1367 1535 ab
1388 1467 1437 1531 in·
1525 1504 1526 1535 r

280 1570 396 1629 testato
417 1572 472 1628 sut
492 1582 552 1646 per
571 1559 796 1646 interpositam
815 1584 1006 1649 personam,
1026 1564 1066 1632 ab
1089 1589 1129 1635 eo
1149 1567 1253 1659 legari
1274 1590 1344 1632 non
1361 1588 1436 1653 pos-

280 1661 340 1739 sit,
361 1660 437 1730 ideo
458 1660 530 1730 fieri
551 1660 711 1739 uidimus,
743 1662 833 1747 quod
856 1676 987 1749 epatre
1011 1666 1091 1733 nibil
1114 1668 1156 1735 sd
1178 1691 1253 1737 eum
1273 1669 1436 1755 peruenit:
1525 1678 1526 1763 t

280 1786 357 1829 nam
376 1784 459 1849 quoe
480 1761 551 1830 sine
571 1761 800 1830 substitutione
820 1762 855 1832 in
872 1763 977 1833 fratris
995 1766 1173 1837 hereditate
1194 1780 1333 1857 paterne
1353 1770 1438 1835 bons

279 1862 494 1932 exheredatus
521 1862 666 1949 aceepit,
704 1885 744 1931 ee
778 1864 844 1931 iem
874 1889 1009 1953 prorsus
1049 1868 1181 1937 alterius
1216 1870 1324 1939 nanis
1356 1870 1437 1938 facts

279 1964 390 2041 tuisse,
411 1987 474 2031 nee
494 1964 615 2031 diutius
638 1964 681 2032 ad
700 1963 800 2051 patris
824 1989 999 2054 personum
1020 1962 1133 2037 referri
1153 1993 1253 2059 posse
1274 1980 1435 2058 putentur.

280 2064 904 2149 OtHvscnmvsvol.V1.p.38e.
946 2069 1053 2157 Quale
1081 2094 1160 2140 uero
1183 2074 1225 2139 sit
1244 2071 1327 2137 illud
1359 2094 1437 2159 „per
1525 2070 1526 2123 i

279 2170 504 2257 interpositum
520 2174 732 2254 porsonam,⁴‘
758 2166 915 2233 doeemur
934 2169 976 2237 L.
999 2172 1067 2243 10³.
1088 2196 1138 2261 pr.
1161 2172 1203 2243 de
1224 2172 1314 2261 legg.
1335 2172 1410 2237 HL:

358 2271 420 2349 „si
450 2280 544 2357 peter
564 2266 760 2334 exheredato
790 2268 858 2334 filio
881 2270 1045 2339 substituit
1063 2272 1219 2344 heredem
1238 2286 1436 2351 extraneum,
1525 2314 1526 2357 n

286 2440 290 2445 .
360 2371 480 2441 deinde
514 2370 571 2437 ille
606 2379 778 2440 extraneus
811 2368 899 2437 huno
929 2372 1033 2439 filium
1063 2374 1219 2443 heredem
1239 2375 1378 2441 instituit
1406 2386 1436 2439 et

357 2474 452 2545 heres
470 2472 574 2542 faetus
595 2472 679 2540 iutra
697 2471 1076 2558 pubertatemdeoedet,
1098 2487 1177 2565 puto
1199 2476 1240 2543 ab
1264 2476 1434 2545 substituto
1525 2486 1526 2523 t

358 2577 390 2643 ei
411 2573 481 2645 filio
505 2573 639 2641 omnino
662 2573 772 2659 legate
792 2576 952 2663 praestari
984 2600 1052 2645 non
1088 2576 1226 2655 debere,
1260 2576 1340 2663 quia
1371 2600 1435 2645 uon
1525 2564 1526 2593 ¹

361 2678 485 2746 dinemo
517 2675 577 2743 sed
609 2698 669 2761 per
701 2677 944 2745 successionem
966 2677 1008 2745 ed
1028 2678 1131 2749 filium
1149 2676 1313 2747 heredites
1336 2677 1434 2768 petris

284 2844 289 2851 ,
359 2777 542 2866 peruenit.“

276 2883 424 2954 Primum
450 2879 516 2946 hoo
544 2879 639 2956 looo,
671 2880 760 2965 quod
788 2878 911 2947 dudum
941 2878 1139 2953 ertsolo
1175 2878 1276 2950 Obss.
1309 2882 1354 2961 Η,
1387 2884 1435 2949 32.

277 2995 458 3059 sensorum
478 2991 546 3059 est,
566 2980 634 3068 legi
655 2981 771 3050 debet:

357 3085 418 3165 „si
429 3093 522 3171 peter
536 3082 811 3151 exheredstofflio
833 3081 1028 3151 instituit
1047 3080 1433 3161 heredemsxtreneum,“

277 3188 367 3275 quod
387 3185 450 3253 nisi
468 3184 536 3263 fiet,
555 3184 648 3250 loeus
671 3183 805 3252 omuino
829 3184 985 3271 explicari
1002 3207 1069 3253 non
1090 3195 1209 3275 potest,
1231 3186 1308 3254 dum
1329 3196 1434 3254 temen

277 3285 550 3373 exsequentibus
572 3309 610 3357 ue
630 3285 805 3371 praecipue
828 3306 869 3351 ex
897 3286 928 3367 §.
951 3288 979 3353 1.
1010 3298 1157 3373 apertum
1183 3286 1246 3363 sit,
1278 3284 1433 3376 quemad·

277 3390 412 3463 modum
431 3410 501 3452 rem
522 3384 585 3453 sibi
605 3386 737 3453 timorit
757 3387 963 3457 Sceuvoue.

380 3490 479 3558 Peter
499 3485 675 3553 exheredat
694 3486 798 3553 filium
819 3487 940 3555 Guium
957 3488 1053 3575 eique
1075 3488 1240 3557 substituit
1257 3488 1433 3573 Maeuium,

277 3613 375 3677 equo
390 3590 500 3676 legate
521 3586 686 3672 relinquit,
706 3586 846 3657 instituit
861 3598 968 3654 eutem
981 3588 1095 3657 Seium
1113 3600 1312 3672 extraneum,
1339 3588 1432 3659 Seius

276 3714 388 3761 rursus
409 3690 530 3759 Guium
550 3688 702 3767 instituit,
732 3688 835 3756 Gaius
858 3690 954 3757 heres
984 3690 1109 3759 exsistit
1129 3701 1160 3757 et
1179 3692 1264 3759 intra
1282 3691 1431 3781 puberta-

151 3848 153 3854 s
277 3807 343 3861 tem
363 3794 508 3859 moritur.
549 3790 701 3861 Maeuius
723 3790 912 3863 exheredati
931 3790 1019 3859 bone
1040 3814 1082 3858 ex
1102 3790 1329 3861 substitutione
1350 3789 1431 3859 eosi-

276 3894 342 3983 pit,
364 3894 400 3963 iu
421 3893 539 3981 quibus
558 3892 684 3961 inuenit
700 3892 802 3979 patris
823 3890 1051 3963 hereditatem:
1078 3893 1260 3982 quaeritur,
1288 3916 1366 3960 uum
1386 3892 1431 3956 le·
1525 3950 1526 3961 ,

277 4005 353 4083 gete
369 3995 487 4063 debeat
506 4020 526 4060 a
547 4017 584 4063 se
603 4004 640 4058 ut
658 3994 831 4062 substituto
855 3992 1043 4065 exheredati
1063 3994 1187 4067 relicta.
1229 3994 1307 4061 Non
1329 3994 1430 4059 debet.
1525 3980 1526 4047 i

276 4098 362 4163 Num
380 4096 469 4162 idem
491 4094 665 4166 dicendum
686 4106 752 4177 est,
775 4096 864 4183 quod
885 4106 997 4175 antee,
1019 4095 1143 4165 seilicet
1165 4120 1233 4166 nou
1253 4096 1352 4186 patris
1374 4115 1431 4159 uo·
1525 4114 1526 4187 p

277 4198 399 4264 luutste
422 4196 464 4263 ed
484 4220 558 4263 eum
575 4197 766 4283 peruenisse
787 4196 876 4263 boue
895 4208 1048 4285 paterne,
1079 4198 1220 4287 ideoque
1251 4221 1309 4275 ee,
1329 4218 1431 4289 *quum
1525 4188 1526 4249 i

276 4297 386 4369 medio
415 4309 562 4386 tempore
588 4321 722 4385 prorsus
751 4298 793 4368 ud
829 4297 943 4370 Seium
973 4297 1179 4377 transierint,
1217 4297 1336 4371 diutius
1353 4317 1431 4393 non
1519 4290 1526 4323 '¹
