3067 5117
1193 452 1252 519 rra
1300 428 1303 435 '

2 589 4 624 l
98 600 238 665 uirorum
264 600 462 684 argumentis
488 609 657 685 praeterea
686 600 863 667 stabilitum
883 608 941 665 est.
954 598 1025 682 ¹²⁰)
1065 600 1109 663 Et
1130 620 1245 666 neces-

98 699 179 763 saria
193 699 256 763 hac
268 699 495 765 emendatione
509 700 594 765 facta
605 723 664 786 per
681 724 717 765 se
733 700 909 766 concidunt
930 699 1007 766 Glo
1018 720 1109 764 ssae
1132 711 1163 763 et
1183 722 1245 785 po-

96 799 264 864 steriorum
279 800 347 865 fere
367 800 512 865 omnium
527 800 737 887 interpretum
751 800 996 887 explicationes,
1017 820 1056 863 eo
1069 800 1244 885 praecipue

96 901 207 977 nixae,
238 902 329 985 quod
350 901 460 966 uerbis
493 900 625 978 „Mihi
652 901 821 967 uidetur
850 901 1019 965 uerius“
1050 911 1110 965 etc.
1145 900 1244 965 inter-

95 1002 233 1066 mediam
256 1003 419 1086 quandam
448 1002 646 1086 expresserit
672 1002 865 1067 sententiam
885 1002 1085 1078 VLPIANVS,
1116 998 1245 1085 qualem

95 1102 215 1168 scilicet
242 1103 294 1167 ius
314 1102 394 1167 XII.
419 1101 601 1168 tabularum
623 1101 839 1179 commendet,
868 1102 926 1167 sed
948 1101 982 1165 in
1002 1102 1068 1167 fine
1089 1122 1245 1187 paragra·

94 1202 144 1288 phi
166 1204 276 1290 ipsum
296 1203 388 1281 illud,
410 1203 499 1289 quod
514 1204 556 1267 L.
572 1204 621 1269 11.
639 1203 672 1285 §.
692 1202 723 1269 6.
746 1202 787 1267 ad
808 1202 893 1287 Leg.
913 1202 1004 1267 Fato.
1024 1203 1243 1269 Paermnxvs

93 1305 361 1391 praescripserat,
397 1320 429 1370 et
465 1304 536 1389 ipsc
563 1315 668 1367 ratum
687 1302 858 1379 habuerit,
891 1302 1093 1379 „Falcidiam
1128 1325 1243 1368 caussa

93 1405 223 1490 cognita
242 1405 351 1471 locum
373 1405 527 1471 habere“.
568 1405 688 1471 Verbis
709 1415 817 1471 autem
853 1404 1115 1482 „Secundum
1136 1404 1243 1489 quod

2 1503 4 1582 ζ
93 1506 317 1571 eueniret“
345 1507 444 1572 alium
465 1506 628 1592 respicere
650 1528 762 1571 casum
784 1507 992 1583 Vanam,
1017 1528 1114 1591 quam
1141 1506 1243 1571 Mna-

93 1623 225 1673 cuuuvs
246 1607 455 1684 exhibuerat,
486 1607 574 1673 hunc
594 1607 736 1683 scilicet,
765 1607 794 1672 si
816 1630 929 1673 omnes
952 1606 1089 1673 heredes
1119 1609 1242 1673 onerati

6 3769 7 3794 2
89 3732 227 3782 leuissima
245 3727 397 3780 mutatione
415 3726 486 3776 tacta
505 3726 642 3787 legamus:

92 1720 197 1774 essent
219 1693 500 1795 ambigeretur,
523 1719 631 1773 uuum
645 1708 795 1775 Falcidia
816 1708 925 1775 locum
945 1708 1088 1785 haberet,
1110 1732 1171 1775 nee
1189 1734 1242 1777 nc.

1 1887 3 1910 Ι
163 1809 287 1874 Paullo
308 1809 401 1876 aliter
420 1811 673 1876 Pronuraruvs
693 1832 727 1895 p.
743 1810 795 1877 63.
815 1822 886 1887 etc,
907 1810 963 1896 qui
985 1808 1087 1875 uerba
1108 1822 1243 1887 „certe

93 1932 161 1975 nec
181 1910 350 1976 minus“
370 1910 416 1976 ita
437 1911 588 1997 explicat,
609 1912 845 1978 utVerrtvru
865 1934 932 1975 non
943 1909 1023 1975 XII.
1044 1910 1170 1976 tabulas
1191 1936 1244 1979 re·

93 2010 255 2095 spexisse,
284 2011 344 2078 sed
364 2011 529 2097 duplicem
545 2012 712 2077 Falcidiae
737 2012 897 2078 rationem
920 2011 1042 2076 euitare
1063 2009 1126 2077 hoc
1147 2034 1243 2097 prae·

92 2124 181 2197 cepto
202 2113 350 2179 uoluisse
371 2112 556 2177 contendat.
595 2113 650 2178 De
665 2136 730 2202 qua
745 2114 902 2201 opinione
924 2112 1242 2180 caverciatam

90 2212 127 2275 A.
148 2236 185 2299 p.
205 2214 276 2282 252.
298 2237 331 2278 n.
351 2214 414 2281 56..
467 2213 536 2281 Sed
564 2214 726 2279 mittamus
751 2214 814 2279 hos
841 2212 1115 2299 interpretationis
1143 2237 1242 2281 cona-

91 2324 147 2391 tus,
171 2337 255 2399 quos
277 2316 411 2381 omnino
430 2339 543 2381 sanam
564 2315 756 2380 sententiam
777 2339 844 2382 non
865 2312 1032 2381 continere
1052 2338 1243 2401 persuasum

90 2412 244 2481 habemus
274 2427 306 2482 at
334 2417 579 2483 consideremus
599 2416 783 2481 Hvscnmr
803 2416 1052 2503 explicationem
1086 2416 1163 2484 Vol.
1186 2421 1244 2487 Vl.

90 2539 120 2601 p.
141 2518 233 2595 418„
267 2518 324 2604 qui
345 2518 438 2585 aliter
457 2527 580 2583 rectum
602 2516 673 2581 erui
692 2539 790 2603 posse
812 2516 1006 2602 desperans,
1034 2518 1244 2585 antinomiam

91 2617 172 2683 inter
203 2619 288 2685 hanc
319 2619 427 2705 legem
461 2629 493 2683 et
522 2618 564 2681 L.
588 2618 636 2683 11.
655 2618 687 2701 3.
708 2618 739 2685 6.
762 2617 804 2683 ad
824 2618 909 2705 Leg.
930 2618 1021 2684 Falc.
1042 2620 1244 2685 statuendam

91 2741 159 2785 esse
183 2722 349 2808 proponit.
396 2722 447 2786 Ita
459 2725 572 2786 'autem
592 2718 702 2784 locum
720 2718 954 2783 restituendum
978 2740 1050 2784 esse
1070 2720 1215 2804 putauit:

164 2822 395 2901 „eueniet,
432 2830 468 2884 ut
500 2843 568 2885 non
593 2819 810 2905 solumffl)
831 2820 1046 2886 committatur
1068 2820 1244 2906 stipulatio,

165 2924 226 2990 sed
258 2921 410 2990 omnibus
445 2920 620 2987 heredibus
654 2920 894 3006 interponenda
922 2921 996 2999 sit,
1039 2921 1098 2988 sed
1131 2945 1246 2990 caussa

168 3026 337 3115 cognita.“

90 3274 195 3323 uidetur
227 3284 308 3332 esse,
338 3274 371 3318 ut
399 3267 501 3318 scilicet
530 3265 560 3317 in
588 3266 642 3315 fine
693 3279 799 3316 mecum
849 3268 1072 3319 communicatam
1118 3273 1248 3324 ambabus

90 3361 114 3428 i·
133 3363 173 3415 3⁶
692 3359 909 3422 amplectendam
928 3372 989 3409 esse
1010 3362 1112 3423 putaui.
1146 3396 1148 3401 ,

141 3457 209 3519 „sed
238 3454 363 3505 omuibus
391 3451 538 3502 heredibus
559 3449 642 3499 inter·
731 3446 797 3511 ¹²⁶)
833 3451 868 3500 Iu
899 3451 1023 3503 Basilicia
1059 3450 1127 3504 haec
1170 3465 1247 3508 eunt:

138 3548 270 3613 ponenda
304 3552 366 3609 est,
398 3546 449 3595 scd
473 3557 570 3593 caussa
596 3556 642 3591 co·
733 3540 807 3617 ’,καὶ
830 3544 1002 3621 συμβαίνει,
1023 3539 1064 3623 μὴ
1087 3542 1173 3631 μόνῳ
1193 3546 1247 3611 αὖ.

142 3639 235 3703 Κῦῑῑῑ“
735 3648 787 3723 τῷ,
809 3638 882 3705 ἀλλὰ
905 3644 953 3705 aci
978 3651 1023 3731 tp*
1043 3642 1248 3729 συγκληρονό.

718 3756 782 3827 'pp
814 3741 914 3807 uv'roti
935 3747 970 3821 ἒξ
1002 3747 1168 3829 εὐλόγου
1190 3754 1247 3813 αι’.

736 3876 752 3911 τ
764 3852 775 3913 ι’
783 3874 802 3910 c
813 3874 828 3923 ς
848 3850 1051 3931 βεβαιοῦσθαι
1069 3844 1125 3929 τήν
1137 3848 1247 3933 iared.

740 3950 863 4031 ractvf‘

140 3826 208 3887 „sed
237 3820 363 3872 omnibus
390 3817 535 3888 heredibus
559 3816 644 3865 inter·

137 3916 269 3979 ponenda
289 3917 389 3962 esset
406 3907 645 3971 mussacognita,“

90 4008 161 4057 unde
173 4008 284 4069 duplex,
302 4005 378 4069 quod
396 4001 518 4063 offendit,
538 3999 644 4063 ‚‚sed“

91 4098 214 4159 enitatur,
233 4106 261 4146 et
277 4111 392 4161 prorsus
410 4096 519 4144 demum
539 4092 574 4140 ad
591 4090 645 4139 Ba·
733 4072 798 4137 ΙΝ)
819 4076 898 4125 Hm
916 4076 1061 4127 stelionem
1082 4090 1144 4126 etue
1162 4077 1190 4127 in
1202 4094 1249 4129 an-

91 4190 226 4238 ,mcomm
246 4186 449 4238 similitudinem
476 4185 554 4233 10011,
573 4182 644 4231 καὶ.
695 4167 776 4231 tiquis
789 4166 925 4217 codicibus
939 4168 1249 4233 Govnauvsmemorat,

90 4281 168 4342 gitur,
217 4279 305 4341 Quam
335 4279 450 4328 alteram
476 4273 646 4324 emendatio.
697 4261 747 4309 sed
767 4259 847 4308 etiam
857 4259 974 4309 Basilica
991 4258 1250 4319 tuenturuulgatem

90 4386 152 4421 uera
170 4372 204 4421 ab
219 4370 319 4421 illustri
338 4369 480 4420 Karnana
499 4366 646 4429 aliquando
696 4346 760 4429 ‚‚pr}
780 4345 864 4435 μόνῳ
886 4344 1002 4433 udapi.“

1079 4441 1101 4509 8
