<?xml version="1.0" encoding="UTF-8"?>
<!DOCTYPE html PUBLIC "-//W3C//DTD XHTML 1.0 Transitional//EN"
    "http://www.w3.org/TR/xhtml1/DTD/xhtml1-transitional.dtd">
<html xmlns="http://www.w3.org/1999/xhtml" xml:lang="en" lang="en">
 <head>
  <title>
</title>
<meta http-equiv="Content-Type" content="text/html;charset=utf-8" />
  <meta name='ocr-system' content='tesseract 3.04.00' />
  <meta name='ocr-capabilities' content='ocr_page ocr_carea ocr_par ocr_line ocrx_word'/>
</head>
<body>
  <div class='ocr_page' id='page_1' title='image "./commentationesi00perngoog_0058.png"; bbox 0 0 3067 5117; ppageno 0'>
   <div class='ocr_carea' id='block_1_1' title="bbox 268 298 310 371">
    <p class='ocr_par' dir='ltr' id='par_1_1' title="bbox 268 298 310 371">
     <span class='ocr_line' id='line_1_1' title="bbox 268 298 310 371; baseline 0 0"><span class='ocrx_word' id='word_1_1' title='bbox 268 298 310 371; x_wconf 83' lang='lat'>40</span> 
     </span>
    </p>
   </div>
   <div class='ocr_carea' id='block_1_2' title="bbox 270 451 1516 2467">
    <p class='ocr_par' dir='ltr' id='par_1_2' title="bbox 270 451 1511 639">
     <span class='ocr_line' id='line_1_2' title="bbox 270 451 1511 541; baseline 0.002 -22"><span class='ocrx_word' id='word_1_2' title='bbox 270 462 421 541; x_wconf 82' lang='lat' dir='ltr'>gatorum</span> <span class='ocrx_word' id='word_1_3' title='bbox 453 451 629 532; x_wconf 88' lang='lat' dir='ltr'>rationem,</span> <span class='ocrx_word' id='word_1_4' title='bbox 660 453 695 519; x_wconf 91' lang='lat' dir='ltr'>in</span> <span class='ocrx_word' id='word_1_5' title='bbox 731 452 839 519; x_wconf 87' lang='lat' dir='ltr'>uarias</span> <span class='ocrx_word' id='word_1_6' title='bbox 874 452 1043 541; x_wconf 84' lang='lat' dir='ltr'><strong>portiones</strong></span> <span class='ocrx_word' id='word_1_7' title='bbox 1078 452 1259 520; x_wconf 86' lang='lat' dir='ltr'>institutum</span> <span class='ocrx_word' id='word_1_8' title='bbox 1288 453 1422 521; x_wconf 84' lang='lat' dir='ltr'>coniun-</span> <span class='ocrx_word' id='word_1_9' title='bbox 1510 451 1511 510; x_wconf 69' lang='grc' dir='ltr'>ἶ</span> 
     </span>
     <span class='ocr_line' id='line_1_3' title="bbox 272 554 1511 639; baseline 0.006 -21"><span class='ocrx_word' id='word_1_10' title='bbox 272 554 359 621; x_wconf 89' lang='lat' dir='ltr'>dere.</span> <span class='ocrx_word' id='word_1_11' title='bbox 374 556 427 639; x_wconf 82' lang='lat'>⁴⁵]</span> <span class='ocrx_word' id='word_1_12' title='bbox 1510 559 1511 564; x_wconf 71' lang='grc'>’</span> 
     </span>
    </p>

    <p class='ocr_par' dir='ltr' id='par_1_3' title="bbox 272 654 1512 945">
     <span class='ocr_line' id='line_1_4' title="bbox 373 654 1422 742; baseline 0.001 -20"><span class='ocrx_word' id='word_1_13' title='bbox 373 657 487 741; x_wconf 87' lang='lat' dir='ltr'>Itaque</span> <span class='ocrx_word' id='word_1_14' title='bbox 520 656 690 736; x_wconf 89' lang='lat' dir='ltr'>uidemus,</span> <span class='ocrx_word' id='word_1_15' title='bbox 722 667 825 723; x_wconf 85' lang='lat' dir='ltr'>totam</span> <span class='ocrx_word' id='word_1_16' title='bbox 859 656 943 721; x_wconf 88' lang='lat' dir='ltr'>hanc</span> <span class='ocrx_word' id='word_1_17' title='bbox 977 654 1086 742; x_wconf 84' lang='lat' dir='ltr'>legem</span> <span class='ocrx_word' id='word_1_18' title='bbox 1117 664 1261 721; x_wconf 90' lang='lat' dir='ltr'>nostram</span> <span class='ocrx_word' id='word_1_19' title='bbox 1293 658 1422 724; x_wconf 91' lang='lat' dir='ltr'>omnino</span> 
     </span>
     <span class='ocr_line' id='line_1_5' title="bbox 272 757 1512 846; baseline 0.002 -23"><span class='ocrx_word' id='word_1_20' title='bbox 272 759 496 846; x_wconf 84' lang='lat' dir='ltr'>quaestionem</span> <span class='ocrx_word' id='word_1_21' title='bbox 517 782 585 824; x_wconf 90' lang='lat' dir='ltr'>non</span> <span class='ocrx_word' id='word_1_22' title='bbox 608 759 783 845; x_wconf 83' lang='lat' dir='ltr'>attingere,</span> <span class='ocrx_word' id='word_1_23' title='bbox 815 759 874 825; x_wconf 91' lang='lat' dir='ltr'>sed</span> <span class='ocrx_word' id='word_1_24' title='bbox 896 757 1006 844; x_wconf 89' lang='lat' dir='ltr'>potius</span> <span class='ocrx_word' id='word_1_25' title='bbox 1039 780 1079 823; x_wconf 80' lang='lat' dir='ltr'>en</span> <span class='ocrx_word' id='word_1_26' title='bbox 1110 758 1313 837; x_wconf 86' lang='lat' dir='ltr'>confirmare,</span> <span class='ocrx_word' id='word_1_27' title='bbox 1344 782 1423 845; x_wconf 87' lang='lat' dir='ltr'>quae</span> <span class='ocrx_word' id='word_1_28' title='bbox 1511 809 1512 814; x_wconf 35' lang='lat'>1</span> 
     </span>
     <span class='ocr_line' id='line_1_6' title="bbox 274 859 896 945; baseline -0.003 -20"><span class='ocrx_word' id='word_1_29' title='bbox 274 859 315 925; x_wconf 82' lang='lat' dir='ltr'>sd</span> <span class='ocrx_word' id='word_1_30' title='bbox 335 861 377 926; x_wconf 87' lang='lat' dir='ltr'>L.</span> <span class='ocrx_word' id='word_1_31' title='bbox 397 862 447 928; x_wconf 84' lang='lat'>87.</span> <span class='ocrx_word' id='word_1_32' title='bbox 471 862 502 945; x_wconf 56' lang='grc' dir='ltr'>ὃ.</span> <span class='ocrx_word' id='word_1_33' title='bbox 522 862 552 929; x_wconf 87' lang='grc'>5.</span> <span class='ocrx_word' id='word_1_34' title='bbox 573 860 606 925; x_wconf 90' lang='lat' dir='ltr'>h.</span> <span class='ocrx_word' id='word_1_35' title='bbox 629 873 650 928; x_wconf 91' lang='lat' dir='ltr'>t.</span> <span class='ocrx_word' id='word_1_36' title='bbox 673 862 896 929; x_wconf 83' lang='lat' dir='ltr'>disseruimus.</span> 
     </span>
    </p>

    <p class='ocr_par' dir='ltr' id='par_1_4' title="bbox 273 961 1516 2467">
     <span class='ocr_line' id='line_1_7' title="bbox 376 961 1427 1051; baseline 0.005 -25"><span class='ocrx_word' id='word_1_37' title='bbox 376 963 439 1027; x_wconf 92' lang='lat' dir='ltr'>His</span> <span class='ocrx_word' id='word_1_38' title='bbox 460 974 568 1029; x_wconf 88' lang='lat' dir='ltr'>tamen</span> <span class='ocrx_word' id='word_1_39' title='bbox 581 965 736 1051; x_wconf 87' lang='lat' dir='ltr'>expositis</span> <span class='ocrx_word' id='word_1_40' title='bbox 758 965 901 1032; x_wconf 89' lang='lat' dir='ltr'>breuiter</span> <span class='ocrx_word' id='word_1_41' title='bbox 921 961 1086 1051; x_wconf 81' lang='lat' dir='ltr'>tangenda</span> <span class='ocrx_word' id='word_1_42' title='bbox 1107 974 1157 1027; x_wconf 91' lang='lat' dir='ltr'>est</span> <span class='ocrx_word' id='word_1_43' title='bbox 1168 964 1427 1031; x_wconf 73' lang='lat' dir='ltr'>Berusronrrn</span> 
     </span>
     <span class='ocr_line' id='line_1_8' title="bbox 273 1066 1427 1153; baseline 0 -22"><span class='ocrx_word' id='word_1_44' title='bbox 273 1089 307 1153; x_wconf 90' lang='lat' dir='ltr'>p.</span> <span class='ocrx_word' id='word_1_45' title='bbox 331 1066 397 1132; x_wconf 74' lang='lat'>¹84.</span> <span class='ocrx_word' id='word_1_46' title='bbox 433 1076 464 1131; x_wconf 88' lang='lat' dir='ltr'>et</span> <span class='ocrx_word' id='word_1_47' title='bbox 496 1066 713 1133; x_wconf 68' lang='lat' dir='ltr'>Horreum</span> <span class='ocrx_word' id='word_1_48' title='bbox 740 1090 774 1153; x_wconf 91' lang='lat' dir='ltr'>p.</span> <span class='ocrx_word' id='word_1_49' title='bbox 798 1068 868 1135; x_wconf 83' lang='grc'><strong>367.</strong></span> <span class='ocrx_word' id='word_1_50' title='bbox 902 1066 1014 1153; x_wconf 90' lang='lat' dir='ltr'>opinio</span> <span class='ocrx_word' id='word_1_51' title='bbox 1045 1087 1179 1152; x_wconf 90' lang='lat' dir='ltr'>prorsus</span> <span class='ocrx_word' id='word_1_52' title='bbox 1202 1066 1344 1145; x_wconf 87' lang='lat' dir='ltr'>insulsa,</span> <span class='ocrx_word' id='word_1_53' title='bbox 1373 1067 1427 1153; x_wconf 93' lang='lat' dir='ltr'>qui</span> 
     </span>
     <span class='ocr_line' id='line_1_9' title="bbox 275 1165 1426 1255; baseline 0.002 -24"><span class='ocrx_word' id='word_1_54' title='bbox 275 1165 404 1232; x_wconf 88' lang='lat' dir='ltr'>uerbis:</span> <span class='ocrx_word' id='word_1_55' title='bbox 442 1167 529 1245; x_wconf 88' lang='lat' dir='ltr'>„sed</span> <span class='ocrx_word' id='word_1_56' title='bbox 549 1167 677 1255; x_wconf 84' lang='lat' dir='ltr'>legata,</span> <span class='ocrx_word' id='word_1_57' title='bbox 705 1192 789 1255; x_wconf 90' lang='lat' dir='ltr'>quae</span> <span class='ocrx_word' id='word_1_58' title='bbox 809 1169 850 1235; x_wconf 90' lang='lat' dir='ltr'>ab</span> <span class='ocrx_word' id='word_1_59' title='bbox 871 1170 1017 1235; x_wconf 90' lang='lat' dir='ltr'>instituto</span> <span class='ocrx_word' id='word_1_60' title='bbox 1051 1177 1193 1233; x_wconf 89' lang='lat' dir='ltr'>extero</span> <span class='ocrx_word' id='word_1_61' title='bbox 1219 1167 1296 1234; x_wconf 89' lang='lat' dir='ltr'>data</span> <span class='ocrx_word' id='word_1_62' title='bbox 1316 1176 1426 1245; x_wconf 87' lang='lat' dir='ltr'>sunt‚“</span> 
     </span>
     <span class='ocr_line' id='line_1_10' title="bbox 275 1268 1428 1356; baseline 0.004 -25"><span class='ocrx_word' id='word_1_63' title='bbox 275 1290 396 1333; x_wconf 90' lang='lat' dir='ltr'>nouam</span> <span class='ocrx_word' id='word_1_64' title='bbox 420 1268 583 1353; x_wconf 86' lang='lat' dir='ltr'>quandam</span> <span class='ocrx_word' id='word_1_65' title='bbox 611 1291 787 1356; x_wconf 86' lang='lat' dir='ltr'>personam</span> <span class='ocrx_word' id='word_1_66' title='bbox 816 1270 927 1335; x_wconf 91' lang='lat' dir='ltr'>induci</span> <span class='ocrx_word' id='word_1_67' title='bbox 950 1269 1153 1335; x_wconf 86' lang='lat' dir='ltr'>existimant:</span> <span class='ocrx_word' id='word_1_68' title='bbox 1184 1292 1260 1334; x_wconf 89' lang='lat' dir='ltr'>nam</span> <span class='ocrx_word' id='word_1_69' title='bbox 1284 1280 1428 1356; x_wconf 89' lang='lat' dir='ltr'>praeter-</span> 
     </span>
     <span class='ocr_line' id='line_1_11' title="bbox 275 1369 1430 1455; baseline 0.003 -22"><span class='ocrx_word' id='word_1_70' title='bbox 275 1392 390 1454; x_wconf 89' lang='lat' dir='ltr'>quam,</span> <span class='ocrx_word' id='word_1_71' title='bbox 419 1369 508 1455; x_wconf 92' lang='lat' dir='ltr'>quod</span> <span class='ocrx_word' id='word_1_72' title='bbox 534 1372 713 1439; x_wconf 80' lang='lat' dir='ltr'>rectissime</span> <span class='ocrx_word' id='word_1_73' title='bbox 734 1371 829 1437; x_wconf 90' lang='lat' dir='ltr'>heres</span> <span class='ocrx_word' id='word_1_74' title='bbox 848 1383 976 1439; x_wconf 84' lang='lat' dir='ltr'>exterus</span> <span class='ocrx_word' id='word_1_75' title='bbox 996 1371 1051 1437; x_wconf 90' lang='lat' dir='ltr'>uel</span> <span class='ocrx_word' id='word_1_76' title='bbox 1073 1383 1245 1439; x_wconf 85' lang='lat' dir='ltr'>extraneus</span> <span class='ocrx_word' id='word_1_77' title='bbox 1266 1372 1294 1436; x_wconf 90' lang='lat' dir='ltr'>is</span> <span class='ocrx_word' id='word_1_78' title='bbox 1315 1372 1430 1438; x_wconf 90' lang='lat' dir='ltr'>dicitur</span> 
     </span>
     <span class='ocr_line' id='line_1_12' title="bbox 275 1470 1428 1559; baseline 0.003 -24"><span class='ocrx_word' id='word_1_79' title='bbox 275 1470 389 1549; x_wconf 90' lang='lat' dir='ltr'>heres,</span> <span class='ocrx_word' id='word_1_80' title='bbox 411 1472 550 1557; x_wconf 90' lang='lat' dir='ltr'>quinon</span> <span class='ocrx_word' id='word_1_81' title='bbox 573 1485 622 1539; x_wconf 85' lang='lat' dir='ltr'>est</span> <span class='ocrx_word' id='word_1_82' title='bbox 641 1474 909 1559; x_wconf 80' lang='lat' dir='ltr'>necessarius⁴⁶)</span> <span class='ocrx_word' id='word_1_83' title='bbox 932 1472 1087 1551; x_wconf 87' lang='lat' dir='ltr'>uixerit,</span> <span class='ocrx_word' id='word_1_84' title='bbox 1115 1472 1172 1559; x_wconf 91' lang='lat' dir='ltr'>qui</span> <span class='ocrx_word' id='word_1_85' title='bbox 1190 1475 1428 1552; x_wconf 70' lang='lat' dir='ltr'>Parmmrtvm,</span> 
     </span>
     <span class='ocr_line' id='line_1_13' title="bbox 277 1571 1428 1661; baseline 0.005 -26"><span class='ocrx_word' id='word_1_86' title='bbox 277 1571 354 1637; x_wconf 88' lang='lat' dir='ltr'>dum</span> <span class='ocrx_word' id='word_1_87' title='bbox 375 1572 416 1639; x_wconf 92' lang='lat' dir='ltr'>de</span> <span class='ocrx_word' id='word_1_88' title='bbox 438 1573 665 1641; x_wconf 84' lang='lat' dir='ltr'>substitutione</span> <span class='ocrx_word' id='word_1_89' title='bbox 687 1574 842 1661; x_wconf 87' lang='lat' dir='ltr'>pupillari</span> <span class='ocrx_word' id='word_1_90' title='bbox 861 1574 964 1641; x_wconf 89' lang='lat' dir='ltr'>uerba</span> <span class='ocrx_word' id='word_1_91' title='bbox 990 1573 1088 1651; x_wconf 87' lang='lat' dir='ltr'>facit,</span> <span class='ocrx_word' id='word_1_92' title='bbox 1123 1586 1188 1640; x_wconf 88' lang='lat' dir='ltr'>tam</span> <span class='ocrx_word' id='word_1_93' title='bbox 1218 1574 1360 1641; x_wconf 86' lang='lat' dir='ltr'>alienam</span> <span class='ocrx_word' id='word_1_94' title='bbox 1391 1576 1428 1641; x_wconf 88' lang='lat' dir='ltr'>ab</span> 
     </span>
     <span class='ocr_line' id='line_1_14' title="bbox 275 1673 1430 1765; baseline 0.005 -28"><span class='ocrx_word' id='word_1_95' title='bbox 275 1673 339 1741; x_wconf 90' lang='lat' dir='ltr'>hoc</span> <span class='ocrx_word' id='word_1_96' title='bbox 360 1673 434 1741; x_wconf 92' lang='lat' dir='ltr'>loco</span> <span class='ocrx_word' id='word_1_97' title='bbox 457 1678 650 1742; x_wconf 83' lang='lat' dir='ltr'>sententiam</span> <span class='ocrx_word' id='word_1_98' title='bbox 671 1677 871 1763; x_wconf 83' lang='lat' dir='ltr'>expressisse</span> <span class='ocrx_word' id='word_1_99' title='bbox 891 1676 1089 1765; x_wconf 90' lang='lat' dir='ltr'>persuadere</span> <span class='ocrx_word' id='word_1_100' title='bbox 1113 1676 1177 1742; x_wconf 91' lang='lat' dir='ltr'>sibi</span> <span class='ocrx_word' id='word_1_101' title='bbox 1197 1677 1325 1764; x_wconf 85' lang='lat' dir='ltr'>possit:</span> <span class='ocrx_word' id='word_1_102' title='bbox 1358 1702 1430 1743; x_wconf 89' lang='lat' dir='ltr'>nam</span> 
     </span>
     <span class='ocr_line' id='line_1_15' title="bbox 277 1776 1515 1865; baseline 0.004 -25"><span class='ocrx_word' id='word_1_103' title='bbox 277 1776 340 1853; x_wconf 90' lang='lat' dir='ltr'>„in</span> <span class='ocrx_word' id='word_1_104' title='bbox 383 1776 520 1864; x_wconf 88' lang='lat' dir='ltr'>singulis</span> <span class='ocrx_word' id='word_1_105' title='bbox 554 1778 729 1845; x_wconf 87' lang='lat' dir='ltr'>heredibus</span> <span class='ocrx_word' id='word_1_106' title='bbox 768 1780 930 1845; x_wconf 89' lang='lat' dir='ltr'>rationem</span> <span class='ocrx_word' id='word_1_107' title='bbox 960 1777 1128 1844; x_wconf 85' lang='lat' dir='ltr'>Falcidiae</span> <span class='ocrx_word' id='word_1_108' title='bbox 1171 1779 1429 1865; x_wconf 77' lang='lat' dir='ltr'>componendam</span> <span class='ocrx_word' id='word_1_109' title='bbox 1514 1835 1515 1856; x_wconf 74' lang='lat'>,</span> 
     </span>
     <span class='ocr_line' id='line_1_16' title="bbox 278 1879 1515 1968; baseline 0.006 -28"><span class='ocrx_word' id='word_1_110' title='bbox 278 1884 390 1955; x_wconf 89' lang='lat' dir='ltr'>esse‚“</span> <span class='ocrx_word' id='word_1_111' title='bbox 411 1902 463 1945; x_wconf 89' lang='lat' dir='ltr'>res</span> <span class='ocrx_word' id='word_1_112' title='bbox 489 1892 556 1945; x_wconf 83' lang='lat' dir='ltr'>erat</span> <span class='ocrx_word' id='word_1_113' title='bbox 577 1880 756 1947; x_wconf 88' lang='lat' dir='ltr'>certissima</span> <span class='ocrx_word' id='word_1_114' title='bbox 778 1880 833 1964; x_wconf 79' lang='lat' dir='ltr'>(L.</span> <span class='ocrx_word' id='word_1_115' title='bbox 854 1880 905 1947; x_wconf 86' lang='grc'>76.</span> <span class='ocrx_word' id='word_1_116' title='bbox 925 1880 958 1944; x_wconf 88' lang='lat' dir='ltr'>h.</span> <span class='ocrx_word' id='word_1_117' title='bbox 981 1882 1029 1967; x_wconf 80' lang='lat' dir='ltr'>t).</span> <span class='ocrx_word' id='word_1_118' title='bbox 1070 1879 1203 1945; x_wconf 91' lang='lat' dir='ltr'>Deinde</span> <span class='ocrx_word' id='word_1_119' title='bbox 1225 1891 1352 1958; x_wconf 85' lang='lat' dir='ltr'>autem,</span> <span class='ocrx_word' id='word_1_120' title='bbox 1373 1904 1430 1968; x_wconf 94' lang='lat' dir='ltr'>op-</span> <span class='ocrx_word' id='word_1_121' title='bbox 1514 1891 1515 1896; x_wconf 77' lang='grc'>’</span> 
     </span>
     <span class='ocr_line' id='line_1_17' title="bbox 276 1978 1429 2068; baseline 0.003 -24"><span class='ocrx_word' id='word_1_122' title='bbox 276 1978 474 2066; x_wconf 89' lang='lat' dir='ltr'>positionem</span> <span class='ocrx_word' id='word_1_123' title='bbox 504 1981 577 2047; x_wconf 90' lang='lat' dir='ltr'>fieri</span> <span class='ocrx_word' id='word_1_124' title='bbox 606 1982 690 2049; x_wconf 90' lang='lat' dir='ltr'>inter</span> <span class='ocrx_word' id='word_1_125' title='bbox 724 1983 866 2049; x_wconf 89' lang='lat' dir='ltr'>mediam</span> <span class='ocrx_word' id='word_1_126' title='bbox 901 1992 934 2046; x_wconf 92' lang='lat' dir='ltr'>et</span> <span class='ocrx_word' id='word_1_127' title='bbox 955 1979 1100 2049; x_wconf 84' lang='lat' dir='ltr'>ultimam</span> <span class='ocrx_word' id='word_1_128' title='bbox 1120 1980 1318 2068; x_wconf 81' lang='lat' dir='ltr'>paragraphi</span> <span class='ocrx_word' id='word_1_129' title='bbox 1338 1981 1429 2047; x_wconf 92' lang='lat' dir='ltr'>huius</span> 
     </span>
     <span class='ocr_line' id='line_1_18' title="bbox 277 2081 1429 2171; baseline 0.005 -26"><span class='ocrx_word' id='word_1_130' title='bbox 277 2081 470 2147; x_wconf 84' lang='lat' dir='ltr'>sententiam</span> <span class='ocrx_word' id='word_1_131' title='bbox 489 2083 557 2149; x_wconf 86' lang='lat' dir='ltr'>fere</span> <span class='ocrx_word' id='word_1_132' title='bbox 577 2084 681 2151; x_wconf 86' lang='lat' dir='ltr'>caecis</span> <span class='ocrx_word' id='word_1_133' title='bbox 709 2084 813 2151; x_wconf 90' lang='lat' dir='ltr'>oculis</span> <span class='ocrx_word' id='word_1_134' title='bbox 830 2082 1021 2171; x_wconf 90' lang='lat' dir='ltr'>conspicere</span> <span class='ocrx_word' id='word_1_135' title='bbox 1041 2106 1233 2170; x_wconf 88' lang='lat' dir='ltr'>possumus,</span> <span class='ocrx_word' id='word_1_136' title='bbox 1259 2083 1338 2150; x_wconf 90' lang='lat' dir='ltr'>licet</span> <span class='ocrx_word' id='word_1_137' title='bbox 1359 2087 1429 2151; x_wconf 86' lang='lat' dir='ltr'>infi-</span> 
     </span>
     <span class='ocr_line' id='line_1_19' title="bbox 277 2182 1516 2275; baseline 0.006 -28"><span class='ocrx_word' id='word_1_138' title='bbox 277 2182 380 2247; x_wconf 90' lang='lat' dir='ltr'>cietur</span> <span class='ocrx_word' id='word_1_139' title='bbox 398 2184 645 2251; x_wconf 75' lang='lat' dir='ltr'>Hossmnnuvs</span> <span class='ocrx_word' id='word_1_140' title='bbox 669 2210 702 2274; x_wconf 90' lang='lat' dir='ltr'>p.</span> <span class='ocrx_word' id='word_1_141' title='bbox 723 2185 812 2264; x_wconf 66' lang='lat'>368„</span> <span class='ocrx_word' id='word_1_142' title='bbox 840 2184 931 2251; x_wconf 86' lang='lat' dir='ltr'>cuius</span> <span class='ocrx_word' id='word_1_143' title='bbox 960 2196 1128 2271; x_wconf 80' lang='lat' dir='ltr'>praeterea</span> <span class='ocrx_word' id='word_1_144' title='bbox 1153 2184 1315 2252; x_wconf 90' lang='lat' dir='ltr'>hocloco</span> <span class='ocrx_word' id='word_1_145' title='bbox 1335 2212 1429 2275; x_wconf 84' lang='lat' dir='ltr'>argu·</span> <span class='ocrx_word' id='word_1_146' title='bbox 1515 2187 1516 2198; x_wconf 73' lang='grc'>’</span> 
     </span>
     <span class='ocr_line' id='line_1_20' title="bbox 277 2284 1516 2374; baseline 0.006 -25"><span class='ocrx_word' id='word_1_147' title='bbox 277 2285 509 2351; x_wconf 83' lang='lat' dir='ltr'>mentationem</span> <span class='ocrx_word' id='word_1_148' title='bbox 540 2286 656 2353; x_wconf 82' lang='lat' dir='ltr'>iactam</span> <span class='ocrx_word' id='word_1_149' title='bbox 686 2298 821 2374; x_wconf 89' lang='lat' dir='ltr'>propter</span> <span class='ocrx_word' id='word_1_150' title='bbox 856 2285 988 2350; x_wconf 91' lang='lat' dir='ltr'>nimiam</span> <span class='ocrx_word' id='word_1_151' title='bbox 1008 2284 1184 2351; x_wconf 86' lang='lat' dir='ltr'>uerborum</span> <span class='ocrx_word' id='word_1_152' title='bbox 1205 2286 1431 2356; x_wconf 79' lang='lat' dir='ltr'>obscuritatem</span> <span class='ocrx_word' id='word_1_153' title='bbox 1515 2287 1516 2298; x_wconf 71' lang='grc'>’</span> 
     </span>
     <span class='ocr_line' id='line_1_21' title="bbox 277 2387 1004 2467; baseline 0 -14"><span class='ocrx_word' id='word_1_154' title='bbox 277 2410 329 2453; x_wconf 89' lang='lat' dir='ltr'>me</span> <span class='ocrx_word' id='word_1_155' title='bbox 349 2410 418 2453; x_wconf 90' lang='lat' dir='ltr'>non</span> <span class='ocrx_word' id='word_1_156' title='bbox 437 2388 654 2467; x_wconf 80' lang='lat' dir='ltr'>intellexisse,</span> <span class='ocrx_word' id='word_1_157' title='bbox 675 2388 815 2454; x_wconf 87' lang='lat' dir='ltr'>libenter</span> <span class='ocrx_word' id='word_1_158' title='bbox 835 2387 1004 2455; x_wconf 86' lang='lat' dir='ltr'>confiteor.</span> 
     </span>
    </p>
   </div>
   <div class='ocr_carea' id='block_1_3' title="bbox 292 2580 493 2591">
    <p class='ocr_par' dir='ltr' id='par_1_5' title="bbox 292 2580 493 2591">
     <span class='ocr_line' id='line_1_22' title="bbox 292 2580 493 2591; baseline -0.005 -1"><span class='ocrx_word' id='word_1_159' title='bbox 292 2580 493 2591; x_wconf 53' lang='grc' dir='ltr'>ψ·-</span> 
     </span>
    </p>
   </div>
   <div class='ocr_carea' id='block_1_4' title="bbox 270 2695 1496 4334">
    <p class='ocr_par' dir='ltr' id='par_1_6' title="bbox 270 2695 1496 4334">
     <span class='ocr_line' id='line_1_23' title="bbox 315 2695 1431 2761; baseline 0.001 -10"><span class='ocrx_word' id='word_1_160' title='bbox 315 2695 362 2761; x_wconf 79' lang='lat'>⁴⁵)</span> <span class='ocrx_word' id='word_1_161' title='bbox 386 2698 441 2751; x_wconf 85' lang='lat' dir='ltr'>Per</span> <span class='ocrx_word' id='word_1_162' title='bbox 462 2698 535 2748; x_wconf 87' lang='lat' dir='ltr'>uiam</span> <span class='ocrx_word' id='word_1_163' title='bbox 559 2698 775 2749; x_wconf 77' lang='lat' dir='ltr'>animaduertere</span> <span class='ocrx_word' id='word_1_164' title='bbox 798 2698 830 2747; x_wconf 93' lang='lat' dir='ltr'>li·</span> <span class='ocrx_word' id='word_1_165' title='bbox 879 2712 943 2748; x_wconf 87' lang='lat' dir='ltr'>nam</span> <span class='ocrx_word' id='word_1_166' title='bbox 959 2695 1081 2759; x_wconf 81' lang='lat' dir='ltr'>generali</span> <span class='ocrx_word' id='word_1_167' title='bbox 1101 2696 1221 2747; x_wconf 85' lang='lat' dir='ltr'>omnium</span> <span class='ocrx_word' id='word_1_168' title='bbox 1241 2699 1431 2751; x_wconf 81' lang='lat' dir='ltr'>contributioni</span> 
     </span>
     <span class='ocr_line' id='line_1_24' title="bbox 278 2789 1430 2857; baseline 0.004 -16"><span class='ocrx_word' id='word_1_169' title='bbox 278 2798 346 2854; x_wconf 84' lang='lat' dir='ltr'>cest,</span> <span class='ocrx_word' id='word_1_170' title='bbox 364 2789 447 2843; x_wconf 86' lang='lat' dir='ltr'>L.ll.</span> <span class='ocrx_word' id='word_1_171' title='bbox 466 2792 488 2853; x_wconf 63' lang='grc' dir='ltr'>ξ.</span> <span class='ocrx_word' id='word_1_172' title='bbox 499 2789 523 2841; x_wconf 87' lang='grc'>7.</span> <span class='ocrx_word' id='word_1_173' title='bbox 543 2791 585 2839; x_wconf 89' lang='lat' dir='ltr'>cit.</span> <span class='ocrx_word' id='word_1_174' title='bbox 605 2806 685 2855; x_wconf 88' lang='lat' dir='ltr'>quam</span> <span class='ocrx_word' id='word_1_175' title='bbox 703 2804 786 2856; x_wconf 84' lang='lat' dir='ltr'>snpra</span> <span class='ocrx_word' id='word_1_176' title='bbox 801 2790 830 2839; x_wconf 91' lang='lat' dir='ltr'>in</span> <span class='ocrx_word' id='word_1_177' title='bbox 878 2789 975 2839; x_wconf 85' lang='lat' dir='ltr'>iccirco</span> <span class='ocrx_word' id='word_1_178' title='bbox 994 2790 1085 2839; x_wconf 88' lang='lat' dir='ltr'>locum</span> <span class='ocrx_word' id='word_1_179' title='bbox 1104 2804 1162 2840; x_wconf 91' lang='lat' dir='ltr'>non</span> <span class='ocrx_word' id='word_1_180' title='bbox 1182 2804 1253 2854; x_wconf 87' lang='lat' dir='ltr'>esse,</span> <span class='ocrx_word' id='word_1_181' title='bbox 1273 2797 1349 2857; x_wconf 89' lang='lat' dir='ltr'>qnod</span> <span class='ocrx_word' id='word_1_182' title='bbox 1366 2812 1430 2846; x_wconf 90' lang='lat' dir='ltr'>nun-</span> 
     </span>
     <span class='ocr_line' id='line_1_25' title="bbox 277 2880 1496 2950; baseline 0.003 -18"><span class='ocrx_word' id='word_1_183' title='bbox 277 2899 356 2933; x_wconf 90' lang='lat' dir='ltr'>nsum</span> <span class='ocrx_word' id='word_1_184' title='bbox 375 2884 443 2947; x_wconf 83' lang='lat' dir='ltr'>legis</span> <span class='ocrx_word' id='word_1_185' title='bbox 465 2881 507 2935; x_wconf 89' lang='grc'>87.</span> <span class='ocrx_word' id='word_1_186' title='bbox 527 2880 552 2949; x_wconf 60' lang='grc' dir='ltr'>ἦ.</span> <span class='ocrx_word' id='word_1_187' title='bbox 574 2882 599 2933; x_wconf 83' lang='lat'>5.</span> <span class='ocrx_word' id='word_1_188' title='bbox 625 2884 829 2948; x_wconf 84' lang='lat' dir='ltr'>explicauimus,</span> <span class='ocrx_word' id='word_1_189' title='bbox 880 2899 961 2948; x_wconf 90' lang='lat' dir='ltr'>quam</span> <span class='ocrx_word' id='word_1_190' title='bbox 981 2882 1075 2944; x_wconf 76' lang='lat' dir='ltr'>sugeri</span> <span class='ocrx_word' id='word_1_191' title='bbox 1093 2884 1212 2933; x_wconf 74' lang='lat' dir='ltr'>debeant</span> <span class='ocrx_word' id='word_1_192' title='bbox 1233 2883 1326 2945; x_wconf 85' lang='lat' dir='ltr'>legata</span> <span class='ocrx_word' id='word_1_193' title='bbox 1350 2901 1367 2935; x_wconf 83' lang='lat' dir='ltr'>a</span> <span class='ocrx_word' id='word_1_194' title='bbox 1383 2902 1430 2950; x_wconf 91' lang='lat' dir='ltr'>pu·</span> <span class='ocrx_word' id='word_1_195' title='bbox 1491 2895 1496 2906; x_wconf 90' lang='grc'><em>·</em></span> 
     </span>
     <span class='ocr_line' id='line_1_26' title="bbox 277 2972 1429 3042; baseline 0.002 -18"><span class='ocrx_word' id='word_1_196' title='bbox 277 2981 349 3025; x_wconf 88' lang='lat' dir='ltr'>certe</span> <span class='ocrx_word' id='word_1_197' title='bbox 378 2976 458 3026; x_wconf 82' lang='lat' dir='ltr'>etiam</span> <span class='ocrx_word' id='word_1_198' title='bbox 481 2977 536 3026; x_wconf 85' lang='lat' dir='ltr'>alio</span> <span class='ocrx_word' id='word_1_199' title='bbox 555 2978 638 3025; x_wconf 92' lang='lat' dir='ltr'>modo</span> <span class='ocrx_word' id='word_1_200' title='bbox 658 2991 718 3026; x_wconf 91' lang='lat' dir='ltr'>cum</span> <span class='ocrx_word' id='word_1_201' title='bbox 735 2976 767 3025; x_wconf 87' lang='lat' dir='ltr'>L.</span> <span class='ocrx_word' id='word_1_202' title='bbox 786 2972 829 3025; x_wconf 79' lang='lat' dir='ltr'>ll.</span> <span class='ocrx_word' id='word_1_203' title='bbox 878 2976 945 3041; x_wconf 89' lang='lat' dir='ltr'>pillo</span> <span class='ocrx_word' id='word_1_204' title='bbox 968 2976 1077 3037; x_wconf 76' lang='lat' dir='ltr'>relicte,</span> <span class='ocrx_word' id='word_1_205' title='bbox 1104 2974 1146 3024; x_wconf 87' lang='lat' dir='ltr'>ita</span> <span class='ocrx_word' id='word_1_206' title='bbox 1173 2981 1204 3023; x_wconf 87' lang='lat' dir='ltr'>ut</span> <span class='ocrx_word' id='word_1_207' title='bbox 1230 2984 1356 3039; x_wconf 81' lang='lat' dir='ltr'>quartam</span> <span class='ocrx_word' id='word_1_208' title='bbox 1383 2994 1429 3042; x_wconf 90' lang='lat' dir='ltr'>pu-</span> 
     </span>
     <span class='ocr_line' id='line_1_27' title="bbox 276 3066 1430 3135; baseline 0 -15"><span class='ocrx_word' id='word_1_209' title='bbox 276 3068 299 3131; x_wconf 70' lang='grc' dir='ltr'>ξ.</span> <span class='ocrx_word' id='word_1_210' title='bbox 319 3068 343 3120; x_wconf 76' lang='lat' dir='ltr'>b.</span> <span class='ocrx_word' id='word_1_211' title='bbox 366 3070 408 3119; x_wconf 88' lang='lat' dir='ltr'>cit.</span> <span class='ocrx_word' id='word_1_212' title='bbox 438 3084 523 3135; x_wconf 87' lang='lat' dir='ltr'>posse</span> <span class='ocrx_word' id='word_1_213' title='bbox 554 3069 720 3119; x_wconf 88' lang='lat' dir='ltr'>consociari:</span> <span class='ocrx_word' id='word_1_214' title='bbox 741 3068 780 3118; x_wconf 86' lang='lat' dir='ltr'>ita</span> <span class='ocrx_word' id='word_1_215' title='bbox 798 3074 829 3115; x_wconf 88' lang='lat' dir='ltr'>nt</span> <span class='ocrx_word' id='word_1_216' title='bbox 878 3068 945 3132; x_wconf 90' lang='lat' dir='ltr'>pillo</span> <span class='ocrx_word' id='word_1_217' title='bbox 984 3069 1064 3116; x_wconf 84' lang='lat' dir='ltr'>datae</span> <span class='ocrx_word' id='word_1_218' title='bbox 1098 3066 1234 3129; x_wconf 87' lang='lat' dir='ltr'>portionis</span> <span class='ocrx_word' id='word_1_219' title='bbox 1271 3070 1430 3120; x_wconf 86' lang='lat' dir='ltr'>substitutus</span> 
     </span>
     <span class='ocr_line' id='line_1_28' title="bbox 277 3159 1430 3226; baseline 0.001 -16"><span class='ocrx_word' id='word_1_220' title='bbox 277 3164 473 3226; x_wconf 86' lang='lat' dir='ltr'>concedamus,</span> <span class='ocrx_word' id='word_1_221' title='bbox 502 3161 689 3214; x_wconf 71' lang='lat' dir='ltr'>Paersmuvis</span> <span class='ocrx_word' id='word_1_222' title='bbox 711 3160 749 3209; x_wconf 84' lang='lat' dir='ltr'>ita</span> <span class='ocrx_word' id='word_1_223' title='bbox 770 3159 828 3224; x_wconf 91' lang='lat' dir='ltr'>qni·</span> <span class='ocrx_word' id='word_1_224' title='bbox 878 3161 990 3223; x_wconf 89' lang='lat' dir='ltr'>habeat,</span> <span class='ocrx_word' id='word_1_225' title='bbox 1018 3160 1142 3224; x_wconf 78' lang='lat' dir='ltr'>quemuis</span> <span class='ocrx_word' id='word_1_226' title='bbox 1173 3173 1250 3209; x_wconf 81' lang='lat' dir='ltr'>sunm</span> <span class='ocrx_word' id='word_1_227' title='bbox 1268 3162 1430 3225; x_wconf 87' lang='lat' dir='ltr'>&#39;portionem</span> 
     </span>
     <span class='ocr_line' id='line_1_29' title="bbox 278 3251 1427 3317; baseline 0 -14"><span class='ocrx_word' id='word_1_228' title='bbox 278 3255 340 3305; x_wconf 87' lang='lat' dir='ltr'>dem</span> <span class='ocrx_word' id='word_1_229' title='bbox 358 3256 408 3306; x_wconf 90' lang='lat' dir='ltr'>sibi</span> <span class='ocrx_word' id='word_1_230' title='bbox 425 3270 519 3307; x_wconf 85' lang='lat' dir='ltr'>casum</span> <span class='ocrx_word' id='word_1_231' title='bbox 535 3254 664 3317; x_wconf 84' lang='lat' dir='ltr'>linxisse,</span> <span class='ocrx_word' id='word_1_232' title='bbox 693 3259 724 3302; x_wconf 88' lang='lat' dir='ltr'>nt</span> <span class='ocrx_word' id='word_1_233' title='bbox 748 3252 829 3301; x_wconf 88' lang='lat' dir='ltr'>utris·</span> <span class='ocrx_word' id='word_1_234' title='bbox 878 3254 1026 3303; x_wconf 73' lang='lat' dir='ltr'>habentus</span> <span class='ocrx_word' id='word_1_235' title='bbox 1049 3251 1205 3301; x_wconf 79' lang='lat' dir='ltr'>institutus:</span> <span class='ocrx_word' id='word_1_236' title='bbox 1233 3268 1288 3317; x_wconf 88' lang='lat' dir='ltr'>quo</span> <span class='ocrx_word' id='word_1_237' title='bbox 1318 3255 1427 3305; x_wconf 86' lang='lat' dir='ltr'>omnino</span> 
     </span>
     <span class='ocr_line' id='line_1_30' title="bbox 276 3343 1430 3413; baseline -0.003 -16"><span class='ocrx_word' id='word_1_238' title='bbox 276 3362 329 3413; x_wconf 87' lang='lat' dir='ltr'>que</span> <span class='ocrx_word' id='word_1_239' title='bbox 358 3349 457 3399; x_wconf 87' lang='lat' dir='ltr'>tabulis</span> <span class='ocrx_word' id='word_1_240' title='bbox 482 3350 603 3411; x_wconf 79' lang='lat' dir='ltr'>legatum</span> <span class='ocrx_word' id='word_1_241' title='bbox 631 3360 693 3396; x_wconf 88' lang='lat' dir='ltr'>esse</span> <span class='ocrx_word' id='word_1_242' title='bbox 711 3350 828 3407; x_wconf 87' lang='lat' dir='ltr'>putaret,</span> <span class='ocrx_word' id='word_1_243' title='bbox 879 3361 936 3396; x_wconf 91' lang='lat' dir='ltr'>non</span> <span class='ocrx_word' id='word_1_244' title='bbox 975 3350 1018 3394; x_wconf 90' lang='lat' dir='ltr'>est</span> <span class='ocrx_word' id='word_1_245' title='bbox 1048 3343 1212 3405; x_wconf 79' lang='lat' dir='ltr'>indicatum,</span> <span class='ocrx_word' id='word_1_246' title='bbox 1244 3344 1330 3393; x_wconf 89' lang='lat' dir='ltr'>semel</span> <span class='ocrx_word' id='word_1_247' title='bbox 1364 3345 1430 3394; x_wconf 73' lang='lat' dir='ltr'>secta</span> 
     </span>
     <span class='ocr_line' id='line_1_31' title="bbox 276 3435 1429 3504; baseline -0.005 -13"><span class='ocrx_word' id='word_1_248' title='bbox 276 3442 324 3491; x_wconf 86' lang='lat' dir='ltr'>sed</span> <span class='ocrx_word' id='word_1_249' title='bbox 347 3455 441 3490; x_wconf 87' lang='lat' dir='ltr'>rursus</span> <span class='ocrx_word' id='word_1_250' title='bbox 457 3453 662 3504; x_wconf 87' lang='lat' dir='ltr'>proponamus,</span> <span class='ocrx_word' id='word_1_251' title='bbox 695 3451 758 3486; x_wconf 87' lang='lat' dir='ltr'>enm</span> <span class='ocrx_word' id='word_1_252' title='bbox 775 3437 829 3485; x_wconf 89' lang='lat' dir='ltr'>hoc</span> <span class='ocrx_word' id='word_1_253' title='bbox 878 3436 1080 3488; x_wconf 85' lang='lat' dir='ltr'>contributione</span> <span class='ocrx_word' id='word_1_254' title='bbox 1101 3436 1254 3497; x_wconf 79' lang='lat' dir='ltr'>legatorum</span> <span class='ocrx_word' id='word_1_255' title='bbox 1281 3451 1299 3485; x_wconf 91' lang='lat' dir='ltr'>a</span> <span class='ocrx_word' id='word_1_256' title='bbox 1326 3435 1429 3502; x_wconf 86' lang='lat' dir='ltr'>pupillo</span> 
     </span>
     <span class='ocr_line' id='line_1_32' title="bbox 272 3527 1431 3594; baseline -0.005 -10"><span class='ocrx_word' id='word_1_257' title='bbox 272 3535 336 3584; x_wconf 88' lang='lat' dir='ltr'>loco</span> <span class='ocrx_word' id='word_1_258' title='bbox 354 3532 383 3581; x_wconf 91' lang='lat' dir='ltr'>id</span> <span class='ocrx_word' id='word_1_259' title='bbox 401 3539 505 3583; x_wconf 84' lang='lat' dir='ltr'>tantum</span> <span class='ocrx_word' id='word_1_260' title='bbox 527 3532 677 3591; x_wconf 75' lang='lat' dir='ltr'>indicasse,</span> <span class='ocrx_word' id='word_1_261' title='bbox 704 3530 779 3594; x_wconf 87' lang='lat' dir='ltr'>qnod</span> <span class='ocrx_word' id='word_1_262' title='bbox 795 3528 828 3579; x_wconf 87' lang='lat' dir='ltr'>L.</span> <span class='ocrx_word' id='word_1_263' title='bbox 878 3535 907 3580; x_wconf 87' lang='lat' dir='ltr'>et</span> <span class='ocrx_word' id='word_1_264' title='bbox 951 3528 1079 3579; x_wconf 84' lang='lat' dir='ltr'>secundis</span> <span class='ocrx_word' id='word_1_265' title='bbox 1120 3527 1219 3578; x_wconf 81' lang='lat' dir='ltr'>tabulis</span> <span class='ocrx_word' id='word_1_266' title='bbox 1263 3528 1431 3590; x_wconf 86' lang='lat' dir='ltr'>relictorum,</span> 
     </span>
     <span class='ocr_line' id='line_1_33' title="bbox 274 3619 1429 3691; baseline -0.006 -15"><span class='ocrx_word' id='word_1_267' title='bbox 274 3622 317 3677; x_wconf 75' lang='lat' dir='ltr'>ll.</span> <span class='ocrx_word' id='word_1_268' title='bbox 332 3622 357 3691; x_wconf 57' lang='grc' dir='ltr'>ᾖ.</span> <span class='ocrx_word' id='word_1_269' title='bbox 370 3623 394 3677; x_wconf 82' lang='lat' dir='ltr'>d.</span> <span class='ocrx_word' id='word_1_270' title='bbox 405 3624 526 3688; x_wconf 85' lang='lat' dir='ltr'>pluribus</span> <span class='ocrx_word' id='word_1_271' title='bbox 539 3624 675 3688; x_wconf 84' lang='lat' dir='ltr'>exposuit,</span> <span class='ocrx_word' id='word_1_272' title='bbox 694 3622 827 3684; x_wconf 88' lang='lat' dir='ltr'>nimirum,</span> <span class='ocrx_word' id='word_1_273' title='bbox 878 3621 969 3672; x_wconf 89' lang='lat' dir='ltr'>omnia</span> <span class='ocrx_word' id='word_1_274' title='bbox 986 3635 1048 3671; x_wconf 85' lang='lat' dir='ltr'>esse</span> <span class='ocrx_word' id='word_1_275' title='bbox 1066 3620 1150 3684; x_wconf 77' lang='lat' dir='ltr'>finite,</span> <span class='ocrx_word' id='word_1_276' title='bbox 1170 3620 1220 3669; x_wconf 83' lang='lat' dir='ltr'>sed</span> <span class='ocrx_word' id='word_1_277' title='bbox 1230 3619 1429 3672; x_wconf 85' lang='lat' dir='ltr'>iureconsultus</span> 
     </span>
     <span class='ocr_line' id='line_1_34' title="bbox 273 3711 1428 3782; baseline -0.006 -14"><span class='ocrx_word' id='word_1_278' title='bbox 273 3719 364 3780; x_wconf 72' lang='lat' dir='ltr'>legate</span> <span class='ocrx_word' id='word_1_279' title='bbox 383 3733 399 3767; x_wconf 86' lang='lat' dir='ltr'>a</span> <span class='ocrx_word' id='word_1_280' title='bbox 417 3718 521 3781; x_wconf 89' lang='lat' dir='ltr'>pupillo</span> <span class='ocrx_word' id='word_1_281' title='bbox 553 3723 580 3765; x_wconf 86' lang='lat' dir='ltr'>et</span> <span class='ocrx_word' id='word_1_282' title='bbox 603 3716 729 3771; x_wconf 73' lang='lat' dir='ltr'>secundis</span> <span class='ocrx_word' id='word_1_283' title='bbox 750 3716 827 3766; x_wconf 78' lang='lat' dir='ltr'>tabu·</span> <span class='ocrx_word' id='word_1_284' title='bbox 877 3714 944 3764; x_wconf 79' lang='lat' dir='ltr'>satis</span> <span class='ocrx_word' id='word_1_285' title='bbox 970 3713 1079 3777; x_wconf 82' lang='lat' dir='ltr'>habuit,</span> <span class='ocrx_word' id='word_1_286' title='bbox 1108 3711 1265 3775; x_wconf 82' lang='lat' dir='ltr'>generalem</span> <span class='ocrx_word' id='word_1_287' title='bbox 1294 3713 1428 3782; x_wconf 80' lang='lat' dir='ltr'>contribu-</span> 
     </span>
     <span class='ocr_line' id='line_1_35' title="bbox 272 3804 1427 3875; baseline -0.004 -16"><span class='ocrx_word' id='word_1_288' title='bbox 272 3810 307 3860; x_wconf 85' lang='lat' dir='ltr'>lis</span> <span class='ocrx_word' id='word_1_289' title='bbox 328 3808 423 3860; x_wconf 79' lang='lat' dir='ltr'>relicte</span> <span class='ocrx_word' id='word_1_290' title='bbox 442 3808 634 3860; x_wconf 80' lang='lat' dir='ltr'>confundenda</span> <span class='ocrx_word' id='word_1_291' title='bbox 655 3822 725 3872; x_wconf 89' lang='lat' dir='ltr'>esse,</span> <span class='ocrx_word' id='word_1_292' title='bbox 740 3804 827 3875; x_wconf 69' lang='lat' dir='ltr'>(quod</span> <span class='ocrx_word' id='word_1_293' title='bbox 876 3808 979 3858; x_wconf 89' lang='lat' dir='ltr'>tionem</span> <span class='ocrx_word' id='word_1_294' title='bbox 998 3805 1058 3857; x_wconf 83' lang='lat' dir='ltr'>fleri</span> <span class='ocrx_word' id='word_1_295' title='bbox 1077 3806 1208 3856; x_wconf 87' lang='lat' dir='ltr'>uetuisse.</span> <span class='ocrx_word' id='word_1_296' title='bbox 1256 3805 1356 3855; x_wconf 77' lang='lat' dir='ltr'>Cetera</span> <span class='ocrx_word' id='word_1_297' title='bbox 1384 3806 1427 3855; x_wconf 85' lang='lat' dir='ltr'>de·</span> 
     </span>
     <span class='ocr_line' id='line_1_36' title="bbox 273 3898 1428 3965; baseline -0.002 -16"><span class='ocrx_word' id='word_1_298' title='bbox 273 3901 331 3951; x_wconf 87' lang='lat' dir='ltr'>fieri</span> <span class='ocrx_word' id='word_1_299' title='bbox 351 3902 468 3965; x_wconf 84' lang='lat' dir='ltr'>debere,</span> <span class='ocrx_word' id='word_1_300' title='bbox 500 3915 552 3951; x_wconf 87' lang='lat' dir='ltr'>nos</span> <span class='ocrx_word' id='word_1_301' title='bbox 578 3900 631 3965; x_wconf 89' lang='lat' dir='ltr'>ipsi</span> <span class='ocrx_word' id='word_1_302' title='bbox 649 3898 826 3964; x_wconf 85' lang='lat' dir='ltr'>praescripsi·</span> <span class='ocrx_word' id='word_1_303' title='bbox 874 3898 939 3949; x_wconf 90' lang='lat' dir='ltr'>inde</span> <span class='ocrx_word' id='word_1_304' title='bbox 957 3898 1042 3949; x_wconf 85' lang='lat' dir='ltr'>uerba</span> <span class='ocrx_word' id='word_1_305' title='bbox 1061 3898 1258 3964; x_wconf 74' lang='lat' dir='ltr'>simplicissime</span> <span class='ocrx_word' id='word_1_306' title='bbox 1275 3913 1337 3949; x_wconf 85' lang='lat' dir='ltr'>enm</span> <span class='ocrx_word' id='word_1_307' title='bbox 1354 3904 1428 3949; x_wconf 85' lang='lat' dir='ltr'>aute·</span> 
     </span>
     <span class='ocr_line' id='line_1_37' title="bbox 273 3990 1427 4058; baseline -0.005 -15"><span class='ocrx_word' id='word_1_308' title='bbox 273 3992 352 4058; x_wconf 87' lang='lat' dir='ltr'>mns,)</span> <span class='ocrx_word' id='word_1_309' title='bbox 372 3993 462 4055; x_wconf 78' lang='lat' dir='ltr'>legata</span> <span class='ocrx_word' id='word_1_310' title='bbox 479 3998 570 4041; x_wconf 62' lang='lat' dir='ltr'>anum</span> <span class='ocrx_word' id='word_1_311' title='bbox 581 3992 615 4043; x_wconf 89' lang='lat' dir='ltr'>ab</span> <span class='ocrx_word' id='word_1_312' title='bbox 632 3992 757 4043; x_wconf 85' lang='lat' dir='ltr'>instituto</span> <span class='ocrx_word' id='word_1_313' title='bbox 777 4005 825 4039; x_wconf 86' lang='lat' dir='ltr'>ex·</span> <span class='ocrx_word' id='word_1_314' title='bbox 877 3990 1037 4042; x_wconf 83' lang='lat' dir='ltr'>cedentibus</span> <span class='ocrx_word' id='word_1_315' title='bbox 1055 3994 1200 4045; x_wconf 82' lang='lat' dir='ltr'>coniuncta</span> <span class='ocrx_word' id='word_1_316' title='bbox 1221 4004 1292 4053; x_wconf 81' lang='lat' dir='ltr'>esse,</span> <span class='ocrx_word' id='word_1_317' title='bbox 1309 3995 1427 4054; x_wconf 77' lang='lat' dir='ltr'>apparet</span> 
     </span>
     <span class='ocr_line' id='line_1_38' title="bbox 272 4081 1428 4147; baseline -0.001 -12"><span class='ocrx_word' id='word_1_318' title='bbox 272 4092 331 4136; x_wconf 89' lang='lat' dir='ltr'>tero</span> <span class='ocrx_word' id='word_1_319' title='bbox 359 4099 416 4135; x_wconf 90' lang='lat' dir='ltr'>non</span> <span class='ocrx_word' id='word_1_320' title='bbox 445 4083 638 4135; x_wconf 66' lang='lat' dir='ltr'>confundenda</span> <span class='ocrx_word' id='word_1_321' title='bbox 672 4098 734 4135; x_wconf 83' lang='lat' dir='ltr'>esse</span> <span class='ocrx_word' id='word_1_322' title='bbox 764 4098 825 4133; x_wconf 86' lang='lat' dir='ltr'>eum</span> <span class='ocrx_word' id='word_1_323' title='bbox 914 4081 959 4146; x_wconf 76' lang='lat'>⁴⁶)</span> <span class='ocrx_word' id='word_1_324' title='bbox 978 4083 1021 4135; x_wconf 79' lang='lat' dir='ltr'>Cf.</span> <span class='ocrx_word' id='word_1_325' title='bbox 1041 4082 1126 4134; x_wconf 71' lang='lat' dir='ltr'>Lot.</span> <span class='ocrx_word' id='word_1_326' title='bbox 1145 4083 1205 4145; x_wconf 60' lang='grc' dir='ltr'>Μ.</span> <span class='ocrx_word' id='word_1_327' title='bbox 1224 4086 1331 4147; x_wconf 78' lang='lat' dir='ltr'>adLeg.</span> <span class='ocrx_word' id='word_1_328' title='bbox 1348 4084 1428 4144; x_wconf 72' lang='lat' dir='ltr'>Fcis,</span> 
     </span>
     <span class='ocr_line' id='line_1_39' title="bbox 273 4175 1424 4242; baseline -0.002 -14"><span class='ocrx_word' id='word_1_329' title='bbox 273 4177 386 4241; x_wconf 85' lang='lat' dir='ltr'>esteris,</span> <span class='ocrx_word' id='word_1_330' title='bbox 414 4176 443 4225; x_wconf 90' lang='lat' dir='ltr'>id</span> <span class='ocrx_word' id='word_1_331' title='bbox 472 4183 515 4225; x_wconf 87' lang='lat' dir='ltr'>est</span> <span class='ocrx_word' id='word_1_332' title='bbox 541 4191 601 4227; x_wconf 88' lang='lat' dir='ltr'>cum</span> <span class='ocrx_word' id='word_1_333' title='bbox 625 4175 722 4237; x_wconf 80' lang='lat' dir='ltr'>legatis</span> <span class='ocrx_word' id='word_1_334' title='bbox 740 4191 757 4225; x_wconf 80' lang='lat' dir='ltr'>e</span> <span class='ocrx_word' id='word_1_335' title='bbox 773 4189 824 4239; x_wconf 89' lang='lat' dir='ltr'>pn·</span> <span class='ocrx_word' id='word_1_336' title='bbox 876 4178 1011 4229; x_wconf 82' lang='lat' dir='ltr'>Glossa</span> <span class='ocrx_word' id='word_1_337' title='bbox 1028 4175 1424 4242; x_wconf 71' lang='lat' dir='ltr'>adL.1t.§.7.oit.,1²r0m-</span> 
     </span>
     <span class='ocr_line' id='line_1_40' title="bbox 270 4266 1108 4334; baseline 0 -15"><span class='ocrx_word' id='word_1_338' title='bbox 270 4269 338 4334; x_wconf 92' lang='lat' dir='ltr'>pillo</span> <span class='ocrx_word' id='word_1_339' title='bbox 371 4274 398 4317; x_wconf 86' lang='lat' dir='ltr'>et</span> <span class='ocrx_word' id='word_1_340' title='bbox 427 4268 556 4319; x_wconf 84' lang='lat' dir='ltr'>secundis</span> <span class='ocrx_word' id='word_1_341' title='bbox 584 4268 682 4319; x_wconf 81' lang='lat' dir='ltr'>tabulis</span> <span class='ocrx_word' id='word_1_342' title='bbox 704 4267 824 4331; x_wconf 84' lang='lat' dir='ltr'>relictis,</span> <span class='ocrx_word' id='word_1_343' title='bbox 876 4280 980 4320; x_wconf 75' lang='lat' dir='ltr'>nenive</span> <span class='ocrx_word' id='word_1_344' title='bbox 1001 4281 1028 4330; x_wconf 86' lang='lat' dir='ltr'>p.</span> <span class='ocrx_word' id='word_1_345' title='bbox 1048 4266 1108 4321; x_wconf 87' lang='grc'><strong>78..</strong></span> 
     </span>
    </p>
   </div>
   <div class='ocr_carea' id='block_1_5' title="bbox 0 0 1546 5117">
    <p class='ocr_par' dir='ltr' id='par_1_7' title="bbox 0 0 1546 5117">
     <span class='ocr_line' id='line_1_41' title="bbox 0 0 1546 5117; baseline 0 0"><span class='ocrx_word' id='word_1_346' title='bbox 0 0 1546 5117; x_wconf 95' lang='lat' dir='ltr'> </span> 
     </span>
    </p>
   </div>
  </div>
 </body>
</html>
