3067 5117
1216 340 1276 411 tu

216 493 264 559 At
281 488 512 578 posteriorhic
530 490 625 562 locus
643 514 712 560 non
731 492 919 579 generalem
940 490 1104 579 quendam
1124 490 1272 581 regulam

11 591 12 600 ’
109 592 285 669 exhibere,
309 591 369 657 sed
390 590 495 657 obiter
515 600 640 659 tantum
660 592 695 657 in
716 592 853 662 actionis
875 592 1095 659 consensoriae
1116 602 1148 657 et
1166 614 1270 679 nega-

111 694 213 761 toriae
235 715 299 762 usu
320 690 479 778 exemplis
503 691 696 759 illustrando
715 694 841 761 uersari
868 704 900 759 et
921 716 1005 780 quae
1034 691 1076 757 de
1103 692 1270 759 usufructu

110 805 277 883 tamquam
309 803 399 863 certa
432 801 464 857 et
497 792 667 879 explorata
697 802 848 880 poterant
869 794 1023 883 proponi,
1057 792 1099 859 ad
1126 792 1269 879 reliques

109 895 246 963 strictim
265 893 438 962 sennntes
453 891 626 960 redhibere
647 893 785 961 uidetur.
825 894 939 981 Itaque
962 893 1068 963 omnis
1090 894 1141 961 uis
1162 916 1268 964 remn-

108 1006 162 1063 net
179 996 219 1061 in
240 995 329 1063 Ia2.
352 993 418 1071 cit,
438 992 526 1059 unde
546 1002 616 1062 tota
632 994 690 1061 ilia
709 994 802 1061 fluxit
821 996 979 1073 doctrina,
1003 1018 1068 1083 que.
1086 1016 1172 1073 eum,
1198 994 1269 1081 qui

108 1098 369 1164 seruitutem
389 1091 606 1173 uindicet,
635 1096 932 1175 confessorie‚
961 1094 1164 1162 dominnm
1187 1117 1267 1163 con·

107 1209 154 1265 tra
184 1220 282 1275 eum,
314 1194 372 1285 qni
403 1193 593 1263 senritutem
623 1194 688 1261 sibi
708 1206 856 1282 arroget,
891 1197 1118 1283 nugatorie
1139 1218 1268 1283 semper

107 1321 205 1385 agere
221 1307 375 1366 statutum
395 1304 456 1372 est,
469 1294 561 1361 nullo
580 1296 714 1363 omnino
730 1297 918 1365 discrimine
936 1298 1141 1384 interposito,
1162 1307 1270 1365 utrum

108 1399 219 1467 uerbis
240 1394 442 1467 nitirmatiuis
464 1406 623 1485 concepta
644 1398 685 1463 sit
705 1397 778 1465 talis
792 1398 1014 1467 consensoriae
1035 1399 1268 1488 negatoriseue

108 1500 259 1579 intentio,
281 1522 324 1567 au
344 1498 506 1589 negatinis
525 1498 764 1567 circumuestita
783 1510 815 1567 et
834 1499 907 1569 uice
928 1522 1034 1567 uersa.
1077 1500 1172 1585 Quae
1192 1498 1267 1566 bre-

107 1602 178 1669 uius
210 1600 381 1670 monuisse
407 1599 472 1671 hcc
500 1601 577 1667 loco
608 1599 756 1665 sufficiat.
800 1600 916 1669 Statim
945 1602 1032 1671 enim
1061 1601 1096 1667 in
1123 1602 1154 1686 S.
1174 1602 1204 1669 t.
1227 1599 1268 1667 ad

107 1702 185 1769 haec
219 1711 397 1790 praecepte
420 1722 646 1780 recurremus,
686 1723 865 1789 eorumque
895 1702 1089 1791 praecipuos
1120 1710 1268 1772 auctores

11 1881 12 1884 Ἴ
108 1802 362 1871 nominabimus.

655 2372 688 2455 s.
713 2374 744 2439 3.

485 2532 512 2587 2·
548 2537 710 2596 usinum
726 2535 892 2591 seusun.

215 2695 455 2768 vmsnsmvs
483 2698 518 2766 in
539 2696 768 2764 dissertatione
789 2695 830 2762 de
852 2697 979 2765 notione
1010 2695 1213 2766 confessoris
1239 2708 1270 2764 et

112 2798 282 2885 negatoria
311 2798 487 2887 ingeniose
516 2799 619 2865 multa
648 2798 825 2885 disputauit
856 2794 897 2861 de
928 2794 1096 2883 utriusque
1133 2800 1270 2867 actionis

113 2911 225 2967 natura
246 2910 344 2987 atque
363 2923 436 2980 usu,
459 2924 596 2990 eamque
620 2900 761 2986 denique
784 2898 976 2965 sententiam
999 2900 1152 2978 excussit,
1173 2924 1270 2987 quam

111 3002 390 3081 Vononuovm,
431 3002 510 3073 Vol.
537 3003 563 3072 1.
606 3005 638 3091 S·
668 3004 738 3071 353.
766 3025 800 3065 n.
829 3002 857 3069 1.
886 3022 1020 3087 prorsus
1052 3000 1270 3087 respuendam

12 3107 16 3178 ζ
114 3126 182 3171 esse
209 3126 383 3191 perperam
415 3104 552 3171 consuit.
601 3104 697 3169 Licet
722 3102 810 3170 enim
840 3101 941 3167 nimia
968 3102 1107 3187 quadam
1135 3102 1271 3169 audacia

13 3203 23 3228 ''
113 3204 348 3274 Vsusnufflvs
372 3204 544 3283 saeuierit,
577 3203 709 3270 infitiari
736 3216 844 3271 tamen
871 3226 940 3269 non
962 3224 1155 3289 possumus,
1182 3202 1270 3269 haud

113 3328 183 3370 raro
204 3328 281 3371 eum
305 3305 358 3375 uel
374 3306 523 3392 proxime
544 3305 650 3371 uideri
670 3331 690 3372 a
708 3306 843 3373 ueritate
863 3304 989 3373 abesse.
1021 3304 1135 3389 Itaque
1149 3326 1269 3393 operae

115 3406 253 3491 pretium
273 3406 371 3485 duxi,
394 3407 588 3475 sententiam
610 3406 670 3471 uiri
691 3406 795 3484 illius,
817 3417 930 3493 utpote
952 3404 1007 3491 qui
1025 3405 1149 3492 primus
1163 3406 1196 3491 ο)
1218 3427 1270 3471 er-

116 3508 276 3596 gumentis
297 3507 492 3580 contrariam
518 3533 538 3575 a
558 3508 691 3597 uulgata
719 3507 910 3595 opinionem
931 3506 1106 3573 defendere
1135 3514 1271 3571 conatus

120 3701 318 3719 -ν-Ψψι-υ--κ

152 3815 196 3879 ¹¹)
212 3817 293 3867 Hono
311 3814 492 3878 sententiam,
518 3830 599 3880 qnam
618 3830 668 3867 sna
716 3818 870 3871 Gsssnnvss
892 3820 1041 3879 prouocati
1064 3829 1115 3865 nec
1135 3814 1214 3867 aliter
1230 3815 1270 3866 in·

117 3912 219 3958 motum
267 3907 429 3958 numerium
476 3906 667 3980 {nucumve
719 3908 824 3959 dicasse
843 3907 951 3957 uidetur
973 3907 1184 3961 Bssnmnrrs
1203 3910 1226 3973 5.
1246 3910 1270 3961 4.

118 3996 199 4061 fulcit,
217 4014 232 4049 e
251 4000 430 4069 conceptione
448 3999 551 4050 scilicet
567 3998 669 4055 forms·
719 4002 736 4053 ἰ.
755 4000 774 4050 t.
794 4006 822 4049 et
840 4000 1008 4071 (inessemus
1025 3999 1089 4051 Vol.
1107 4000 1140 4057 X.
1158 4015 1185 4067 p.
1202 3998 1272 4053 250..

118 4088 160 4139 lae
188 4105 290 4146 nomen
318 4097 409 4143 ortum
438 4104 500 4143 esse
527 4075 668 4157 utumque
719 4091 761 4142 cf.
781 4091 862 4141 etiam
878 4087 1085 4145 Horonsnuv's
1109 4094 1145 4144 ed
1162 4090 1187 4163 ἦ.
1205 4093 1230 4147 2.
1247 4094 1271 4146 1.

119 4182 240 4246 aetionis,
262 4183 355 4240 inueni
371 4183 446 4247 opud
469 4183 617 4238 maseva
643 4178 669 4251 ς.
719 4185 813 4233 decet.
830 4180 1272 4247 p.t⁷s.med..v1nsmwne-

122 4270 156 4335 ¹„
187 4272 233 4338 qni
259 4272 318 4338 ipse
341 4274 379 4330 ec
394 4274 608 4329 Pnscnnsusru
642 4280 669 4324 et
718 4274 809 4337 quitur
823 4274 1276 4345 werino-Irmnnmvs§.151.,
