3067 5117
277 440 319 512 26

192 618 195 625 ’
277 616 352 661 nem
375 604 407 661 et
425 595 613 683 portionum
634 603 665 660 et
692 592 875 681 legatorum
903 590 1137 680 praescriptam
1164 589 1280 667 luisse,
1309 595 1364 651 aut
1390 608 1433 652 ex

277 718 317 763 eo
338 708 479 775 tantum,
500 696 589 783 quod
611 720 653 764 ex
673 695 825 783 portione
853 694 1025 761 coheredis
1051 692 1147 759 tuerit
1177 692 1320 757 lucratus
1347 687 1434 753 ultra

278 798 488 884 quadrantem
510 799 601 877 eius,
623 798 831 865 substitutum
851 796 961 884 legata
981 818 1102 883 augere
1125 792 1291 860 debuisse.
1338 789 1432 873 Qua·

276 922 348 966 rum
370 901 602 968 sententiarum
622 897 678 967 illa
701 897 833 986 quidem
846 897 1090 985 comparatione
1102 920 1122 963 a
1134 897 1284 962 Psvmo
1300 890 1433 955 inducta

277 1002 494 1079 confirmatur,
513 1002 594 1068 haec
615 1001 721 1067 minus
737 1001 834 1067 certis
854 999 937 1087 legis
955 999 1059 1087 ipsius
1080 997 1190 1064 uerbis
1213 995 1299 1075 ‚,id,
1321 990 1433 1079 quod

278 1102 425 1170 ...ad
451 1102 700 1170 coheredem
726 1102 962 1191 peruenit“
996 1099 1089 1165 innui
1119 1099 1257 1165 uidetur.
1304 1094 1432 1161 Rursus

276 1204 384 1291 itaque
405 1204 446 1270 ad
471 1205 640 1273 obrussam
662 1216 808 1272 nostrum
826 1200 1058 1271 recurrendum
1086 1211 1153 1279 est,
1183 1200 1271 1266 unde
1292 1221 1432 1286 appare·

276 1306 345 1385 bit,
382 1306 597 1395 posteriorem
624 1328 695 1373 esse
719 1303 909 1393 opinionem
927 1302 1188 1392 praeferendamt
1221 1300 1433 1367 uerisimilius

276 1408 362 1473 enim
405 1419 473 1486 est,
518 1418 721 1485 testatorem,
761 1426 859 1493 quem
891 1405 1029 1472 sciuisse
1058 1404 1333 1491 praesumendum
1372 1413 1433 1480 est,

212 1592 217 1601 ι
279 1510 484 1595 quantumin
505 1508 700 1595 patrimonio
721 1504 872 1585 haberet,
894 1506 922 1573 si
943 1506 984 1573 eh
1007 1507 1160 1573 alterutro
1179 1506 1301 1573 herede
1319 1506 1365 1571 ita
1382 1504 1432 1571 le·

274 1620 382 1697 garet,
405 1614 443 1675 'ut
474 1610 580 1677 solida
608 1609 716 1696 legata
743 1610 901 1697 praestari
927 1621 1078 1698 possent,
1100 1609 1133 1673 iu
1162 1632 1293 1676 omnem
1320 1630 1433 1674 casum

277 1710 383 1778 solida
400 1734 440 1777 ea
460 1712 569 1799 legata
590 1712 676 1778 solui
696 1712 853 1779 uoluisse.
883 1714 922 1779 Id
942 1736 1033 1791 uero,
1056 1712 1145 1798 quod
1163 1710 1238 1799 plus
1253 1710 1433 1798 quadrante

281 1834 322 1879 ex
344 1813 572 1880 substitutione
594 1813 730 1881 coheres
754 1814 987 1894 lucrifaceret,
1013 1814 1055 1880 ad
1078 1813 1230 1901 augenda
1252 1812 1363 1901 legata
1392 1810 1432 1876 ab

276 1914 349 2003 ipso
370 1914 481 1983 relicta
503 1916 668 1995 adhiberi,
698 1917 804 2003 magis
831 1916 916 2005 legis
942 1916 1104 1983 beneficio
1136 1939 1234 2002 quam
1262 1914 1432 1980 uoluntate

275 2017 436 2083 testatoris
457 2016 576 2084 iactum
597 2040 689 2099 esse,
712 2017 893 2108 putandum
914 2031 973 2086 est.

379 2118 448 2186 Sed
471 2119 606 2207 obloqui
626 2120 722 2188 uobis
743 2120 873 2187 uidetur
897 2122 970 2209 ipsa
998 2122 1072 2200 illa,
1103 2142 1200 2209 quem
1230 2118 1430 2195 monuimus,

275 2221 486 2307 comparatio.
516 2223 560 2288 At
578 2244 658 2290 uero
678 2223 850 2290 PAVLLvs
870 2246 943 2290 eam
963 2222 1098 2301 addidit,
1120 2245 1188 2288 non
1211 2233 1247 2288 ut
1275 2243 1430 2308 compro-

272 2321 378 2400 baret,
399 2322 583 2411 legatorum
603 2325 763 2391 rationem
782 2348 854 2392 esse
876 2325 1155 2404 contundendam,
1177 2325 1237 2392 sed
1257 2347 1298 2390 ea
1307 2333 1429 2400 mente,

273 2434 308 2489 ut
329 2424 446 2504 totius,
469 2449 566 2513 quam
588 2428 750 2515 acceperit
770 2428 959 2495 hereditatis
981 2426 1175 2494 dodrantem
1199 2447 1337 2514 erogare
1371 2424 1429 2492 de·

272 2526 349 2593 bere
370 2526 524 2595 heredem
544 2528 636 2595 illum
659 2529 866 2596 substitutum
887 2531 1037 2619 exemplo
1059 2530 1191 2597 aliunde
1211 2529 1313 2617 petito
1345 2549 1428 2594 con-

271 2628 432 2695 firmaret:
455 2630 549 2697 lacile
571 2632 658 2697 enim
681 2632 746 2699 diei
775 2634 900 2720 potuit,
933 2634 1140 2700 substitutum
1165 2633 1229 2698 hoc
1258 2652 1337 2697 cusu
1368 2628 1431 2695 sibi

272 2730 336 2825 ipsi
358 2731 542 2817 acquirere,
565 2734 653 2819 quod
674 2733 758 2801 ultra
780 2736 992 2821 quadrantem
1014 2736 1084 2803 eius
1105 2736 1267 2824 portionis
1288 2757 1330 2801 ex
1349 2733 1429 2800 sub-

273 2834 438 2901 stitutione
467 2834 638 2921 aociperet.
689 2838 782 2903 Haec
810 2837 897 2903 enim
917 2836 1093 2903 similitudo
1116 2837 1200 2904 inter
1221 2836 1428 2903 substitutum

273 2936 427 3004 coheredi
457 2938 652 3005 coheredem
684 2960 841 3026 eumque,
885 2941 940 3026 qui
971 2951 1130 3028 exparte
1160 2962 1241 3027 pure
1268 2960 1310 3005 ex
1337 2946 1428 3025 parte

272 3038 332 3105 sub
354 3038 542 3107 conditione
563 3040 657 3107 heres
680 3042 818 3129 scriptus
838 3053 902 3120 est,
924 3042 953 3107 si
970 3064 1049 3109 uere
1070 3042 1264 3121 intercedat,
1297 3040 1429 3107 difficile

274 3151 323 3207 est
353 3140 511 3228 probatu,
538 3166 596 3209 cur
623 3143 824 3209 intercedere
853 3143 998 3221 desinat,
1029 3143 1057 3208 si
1083 3144 1191 3231 portio
1226 3155 1363 3211 onerate
1390 3167 1429 3210 ex

271 3242 498 3309 substitutione
520 3244 652 3311 accedat
671 3268 739 3311 non
758 3255 922 3310 oneratae.
962 3244 1138 3311 Praeterea
1152 3267 1252 3331 quum
1265 3246 1337 3312 fleri
1350 3266 1428 3333 pos-

272 3342 395 3410 sithoc
417 3366 512 3423 casu,
533 3355 568 3409 ut
589 3344 629 3411 ab
651 3366 703 3423 eo,
726 3346 778 3412 cui
801 3346 1006 3412 substitutum
1030 3356 1100 3413 erut
1123 3358 1155 3413 et
1175 3348 1367 3417 nominatim
1381 3350 1428 3416 le-

271 3454 382 3532 gutum
404 3444 446 3509 sit
467 3455 499 3510 et
510 3446 704 3532 generalitor
723 3447 896 3534 „quisquis
910 3448 990 3513 mihi
999 3448 1095 3516 heres
1115 3450 1209 3529 erit,“
1230 3464 1429 3537 sequeretur,

271 3557 307 3612 ut
326 3569 386 3634 par
408 3556 494 3611 esset
512 3543 629 3611 horum
649 3546 833 3635 legatorum
853 3548 1015 3617 conditio:
1035 3574 1088 3620 me
1107 3564 1216 3620 tamen
1243 3554 1371 3635 iudice,
1401 3556 1429 3621 si
1526 3573 1527 3580 ’

272 3646 318 3712 ita
337 3646 456 3712 iactum
476 3647 554 3725 erit,
577 3670 661 3733 quae
682 3650 874 3717 nominatim
890 3652 999 3740 legata
1023 3656 1159 3722 suntab
1181 3678 1237 3735 eo,
1268 3656 1321 3723 oui
1350 3658 1426 3724 suh·
1526 3659 1527 3692 ³

271 3749 415 3814 stitutum
435 3757 500 3827 est,
521 3748 632 3835 utique
654 3748 777 3830 solide,
799 3752 827 3818 si
849 3754 920 3821 lieri
938 3764 1061 3843 potest,
1083 3767 1158 3822 sunt
1179 3758 1355 3838 soluenda,
1375 3783 1427 3827 re·

270 3850 361 3938 liqua
381 3848 516 3917 ueniunt
539 3850 574 3915 in
596 3854 870 3923 contributionem
899 3880 974 3923 oum
1003 3856 1064 3935 iis,
1094 3880 1178 3945 quse
1207 3884 1228 3927 s
1256 3862 1427 3929 substituto

270 3953 384 4021 relicta
406 3965 491 4021 sunt.
582 3988 585 3995 ·
1525 4023 1526 4048 ξ

375 4054 463 4122 Hine
486 4078 526 4122 eo
564 4057 792 4142 peruenimus,
829 4069 866 4125 ut
901 4060 1014 4129 ultima
1051 4065 1092 4130 L.
1124 4066 1151 4133 l.
1178 4068 1289 4153 3.,13.
1326 4072 1425 4138 uerba
1525 4055 1526 4058 Ἴ

270 4156 413 4224 breuiter
433 4156 680 4225 adumbremus:

352 4258 515 4338 ,‚scilicet,
540 4260 568 4325 si
587 4261 628 4327 ab
650 4284 689 4330 eo
711 4265 903 4335 nominatim
924 4268 1000 4336 data
1027 4282 1119 4349 sunt,
1151 4294 1238 4339 non:
1269 4275 1424 4361 Quisquis

350 4359 430 4427 mihi
449 4360 544 4429 heres
564 4362 657 4430 erit.“
1524 4371 1525 4378 '
