<?xml version="1.0" encoding="UTF-8"?>
<!DOCTYPE html PUBLIC "-//W3C//DTD XHTML 1.0 Transitional//EN"
    "http://www.w3.org/TR/xhtml1/DTD/xhtml1-transitional.dtd">
<html xmlns="http://www.w3.org/1999/xhtml" xml:lang="en" lang="en">
 <head>
  <title>
</title>
<meta http-equiv="Content-Type" content="text/html;charset=utf-8" />
  <meta name='ocr-system' content='tesseract 3.04.00' />
  <meta name='ocr-capabilities' content='ocr_page ocr_carea ocr_par ocr_line ocrx_word'/>
</head>
<body>
  <div class='ocr_page' id='page_1' title='image "./commentationesi00perngoog_0097.png"; bbox 0 0 3067 5117; ppageno 0'>
   <div class='ocr_carea' id='block_1_1' title="bbox 166 411 1242 661">
    <p class='ocr_par' dir='ltr' id='par_1_1' title="bbox 166 411 1242 661">
     <span class='ocr_line' id='line_1_1' title="bbox 1198 411 1242 491; baseline 0 0"><span class='ocrx_word' id='word_1_1' title='bbox 1198 411 1242 491; x_wconf 69' lang='lat'><strong>7⁹</strong></span> 
     </span>
     <span class='ocr_line' id='line_1_2' title="bbox 166 567 1240 661; baseline 0.007 -26"><span class='ocrx_word' id='word_1_2' title='bbox 166 568 255 647; x_wconf 82' lang='lat' dir='ltr'><strong>„Sed</strong></span> <span class='ocrx_word' id='word_1_3' title='bbox 276 567 306 636; x_wconf 91' lang='lat' dir='ltr'><strong>si</strong></span> <span class='ocrx_word' id='word_1_4' title='bbox 324 572 543 639; x_wconf 71' lang='lat' dir='ltr'><strong>committente</strong></span> <span class='ocrx_word' id='word_1_5' title='bbox 563 573 674 659; x_wconf 80' lang='lat' dir='ltr'><strong>aliquo</strong></span> <span class='ocrx_word' id='word_1_6' title='bbox 707 595 748 639; x_wconf 83' lang='lat' dir='ltr'><strong>ex</strong></span> <span class='ocrx_word' id='word_1_7' title='bbox 780 573 890 641; x_wconf 85' lang='lat' dir='ltr'><strong>liberis</strong></span> <span class='ocrx_word' id='word_1_8' title='bbox 923 572 958 639; x_wconf 90' lang='lat' dir='ltr'><strong>in</strong></span> <span class='ocrx_word' id='word_1_9' title='bbox 983 572 1124 641; x_wconf 85' lang='lat' dir='ltr'><strong>edietum</strong></span> <span class='ocrx_word' id='word_1_10' title='bbox 1143 594 1240 661; x_wconf 85' lang='lat' dir='ltr'><strong>proe-</strong></span> 
     </span>
    </p>
   </div>
   <div class='ocr_carea' id='block_1_2' title="bbox 166 672 1355 762">
    <p class='ocr_par' dir='ltr' id='par_1_2' title="bbox 166 672 1355 762">
     <span class='ocr_line' id='line_1_3' title="bbox 166 672 1355 762; baseline 0.003 -25"><span class='ocrx_word' id='word_1_11' title='bbox 166 672 264 751; x_wconf 87' lang='lat' dir='ltr'><strong>toris,</strong></span> <span class='ocrx_word' id='word_1_12' title='bbox 288 696 352 759; x_wconf 91' lang='lat' dir='ltr'><strong>quo</strong></span> <span class='ocrx_word' id='word_1_13' title='bbox 373 685 488 740; x_wconf 89' lang='lat' dir='ltr'><strong>contra</strong></span> <span class='ocrx_word' id='word_1_14' title='bbox 508 674 636 740; x_wconf 76' lang='lat' dir='ltr'><strong>tubulos</strong></span> <span class='ocrx_word' id='word_1_15' title='bbox 656 674 819 739; x_wconf 88' lang='lat' dir='ltr'><strong>bonorum</strong></span> <span class='ocrx_word' id='word_1_16' title='bbox 840 674 1084 762; x_wconf 87' lang='lat' dir='ltr'><strong>possessiouem</strong></span> <span class='ocrx_word' id='word_1_17' title='bbox 1102 674 1240 761; x_wconf 85' lang='lat' dir='ltr'><strong>pollice·</strong></span> <span class='ocrx_word' id='word_1_18' title='bbox 1352 680 1355 685; x_wconf 84' lang='lat'>&#39;</span> 
     </span>
    </p>
   </div>
   <div class='ocr_carea' id='block_1_3' title="bbox 20 770 1249 3695">
    <p class='ocr_par' dir='ltr' id='par_1_3' title="bbox 167 770 1240 863">
     <span class='ocr_line' id='line_1_4' title="bbox 167 770 1240 863; baseline 0.003 -24"><span class='ocrx_word' id='word_1_19' title='bbox 167 786 233 851; x_wconf 89' lang='lat' dir='ltr'><strong>tur,</strong></span> <span class='ocrx_word' id='word_1_20' title='bbox 266 770 406 862; x_wconf 88' lang='lat' dir='ltr'><strong>scriptus</strong></span> <span class='ocrx_word' id='word_1_21' title='bbox 437 796 568 861; x_wconf 90' lang='lat' dir='ltr'><strong>quoque</strong></span> <span class='ocrx_word' id='word_1_22' title='bbox 589 774 676 839; x_wconf 86' lang='lat' dir='ltr'><strong>fliius</strong></span> <span class='ocrx_word' id='word_1_23' title='bbox 696 786 811 841; x_wconf 88' lang='lat' dir='ltr'><strong>contra</strong></span> <span class='ocrx_word' id='word_1_24' title='bbox 830 772 957 841; x_wconf 79' lang='lat' dir='ltr'><strong>tabulas</strong></span> <span class='ocrx_word' id='word_1_25' title='bbox 977 775 1140 841; x_wconf 87' lang='lat' dir='ltr'><strong>bonorum</strong></span> <span class='ocrx_word' id='word_1_26' title='bbox 1160 798 1240 863; x_wconf 91' lang='lat' dir='ltr'><strong>pos-</strong></span> 
     </span>
    </p>

    <p class='ocr_par' dir='ltr' id='par_1_4' title="bbox 164 875 1239 964">
     <span class='ocr_line' id='line_1_5' title="bbox 164 875 1239 964; baseline 0.002 -23"><span class='ocrx_word' id='word_1_27' title='bbox 164 876 345 943; x_wconf 71' lang='lat' dir='ltr'><strong>sessionem</strong></span> <span class='ocrx_word' id='word_1_28' title='bbox 361 877 512 962; x_wconf 81' lang='lat' dir='ltr'><strong>petierit,</strong></span> <span class='ocrx_word' id='word_1_29' title='bbox 545 877 736 942; x_wconf 88' lang='lat' dir='ltr'><strong>substitutus</strong></span> <span class='ocrx_word' id='word_1_30' title='bbox 756 877 826 943; x_wconf 85' lang='lat' dir='ltr'><strong>eius</strong></span> <span class='ocrx_word' id='word_1_31' title='bbox 848 875 956 964; x_wconf 87' lang='lat' dir='ltr'><strong>legata</strong></span> <span class='ocrx_word' id='word_1_32' title='bbox 972 898 1033 961; x_wconf 91' lang='lat' dir='ltr'><strong>pro</strong></span> <span class='ocrx_word' id='word_1_33' title='bbox 1056 875 1156 941; x_wconf 88' lang='lat' dir='ltr'><strong>modo</strong></span> <span class='ocrx_word' id='word_1_34' title='bbox 1179 900 1239 963; x_wconf 85' lang='lat' dir='ltr'><strong>pa·</strong></span> 
     </span>
    </p>

    <p class='ocr_par' dir='ltr' id='par_1_5' title="bbox 164 976 1241 1064">
     <span class='ocr_line' id='line_1_6' title="bbox 164 976 1241 1064; baseline 0.001 -21"><span class='ocrx_word' id='word_1_35' title='bbox 164 977 322 1055; x_wconf 88' lang='lat' dir='ltr'><strong>trimonii,</strong></span> <span class='ocrx_word' id='word_1_36' title='bbox 342 977 432 1061; x_wconf 89' lang='lat' dir='ltr'><strong>quod</strong></span> <span class='ocrx_word' id='word_1_37' title='bbox 453 977 495 1042; x_wconf 93' lang='lat' dir='ltr'><strong>ad</strong></span> <span class='ocrx_word' id='word_1_38' title='bbox 518 978 621 1043; x_wconf 81' lang='lat' dir='ltr'><strong>fitium</strong></span> <span class='ocrx_word' id='word_1_39' title='bbox 640 978 807 1064; x_wconf 87' lang='lat' dir='ltr'><strong>peruenit,</strong></span> <span class='ocrx_word' id='word_1_40' title='bbox 829 976 1023 1063; x_wconf 80' lang='lat' dir='ltr'><strong>praestabit,</strong></span> <span class='ocrx_word' id='word_1_41' title='bbox 1042 978 1179 1063; x_wconf 82' lang='lat' dir='ltr'>perinde</span> <span class='ocrx_word' id='word_1_42' title='bbox 1202 1000 1241 1044; x_wconf 90' lang='lat' dir='ltr'><strong>ae</strong></span> 
     </span>
    </p>

    <p class='ocr_par' dir='ltr' id='par_1_6' title="bbox 164 1078 1242 1166">
     <span class='ocr_line' id='line_1_7' title="bbox 164 1078 1242 1166; baseline 0.001 -20"><span class='ocrx_word' id='word_1_43' title='bbox 164 1079 269 1157; x_wconf 83' lang='lat' dir='ltr'><strong>siid,</strong></span> <span class='ocrx_word' id='word_1_44' title='bbox 303 1078 393 1165; x_wconf 90' lang='lat' dir='ltr'><strong>quod</strong></span> <span class='ocrx_word' id='word_1_45' title='bbox 419 1100 480 1166; x_wconf 91' lang='lat' dir='ltr'><strong>per</strong></span> <span class='ocrx_word' id='word_1_46' title='bbox 503 1079 665 1146; x_wconf 89' lang='lat' dir='ltr'><strong>bonorum</strong></span> <span class='ocrx_word' id='word_1_47' title='bbox 685 1078 931 1165; x_wconf 88' lang='lat' dir='ltr'><strong>possessionem</strong></span> <span class='ocrx_word' id='word_1_48' title='bbox 954 1078 1039 1144; x_wconf 87' lang='lat' dir='ltr'><strong>filius</strong></span> <span class='ocrx_word' id='word_1_49' title='bbox 1057 1079 1187 1158; x_wconf 86' lang='lat' dir='ltr'><strong>habuit,</strong></span> <span class='ocrx_word' id='word_1_50' title='bbox 1221 1105 1242 1148; x_wconf 87' lang='lat' dir='ltr'><strong>a</strong></span> 
     </span>
    </p>

    <p class='ocr_par' dir='ltr' id='par_1_7' title="bbox 163 1180 522 1267">
     <span class='ocr_line' id='line_1_8' title="bbox 163 1180 522 1267; baseline 0.008 -22"><span class='ocrx_word' id='word_1_51' title='bbox 163 1190 252 1267; x_wconf 82' lang='lat' dir='ltr'><strong>patre</strong></span> <span class='ocrx_word' id='word_1_52' title='bbox 269 1180 461 1267; x_wconf 70' lang='lat' dir='ltr'><strong>accepisset.</strong></span> <span class='ocrx_word' id='word_1_53' title='bbox 471 1184 522 1265; x_wconf 75' lang='lat'><strong>⁸²)</strong></span> 
     </span>
    </p>

    <p class='ocr_par' dir='ltr' id='par_1_8' title="bbox 20 1280 1247 2787">
     <span class='ocr_line' id='line_1_9' title="bbox 184 1280 1241 1369; baseline 0.001 -21"><span class='ocrx_word' id='word_1_54' title='bbox 184 1282 303 1367; x_wconf 87' lang='lat' dir='ltr'><strong>Neque</strong></span> <span class='ocrx_word' id='word_1_55' title='bbox 341 1290 450 1346; x_wconf 80' lang='lat' dir='ltr'><strong>tomen</strong></span> <span class='ocrx_word' id='word_1_56' title='bbox 483 1281 545 1349; x_wconf 88' lang='lat' dir='ltr'><strong>hac</strong></span> <span class='ocrx_word' id='word_1_57' title='bbox 577 1281 826 1349; x_wconf 76' lang='lat' dir='ltr'><strong>ratiocinatione</strong></span> <span class='ocrx_word' id='word_1_58' title='bbox 858 1280 944 1348; x_wconf 79' lang='lat' dir='ltr'><strong>iactu</strong></span> <span class='ocrx_word' id='word_1_59' title='bbox 965 1282 1120 1349; x_wconf 89' lang='lat' dir='ltr'><strong>terminus</strong></span> <span class='ocrx_word' id='word_1_60' title='bbox 1140 1302 1241 1369; x_wconf 83' lang='lat' dir='ltr'><strong>quse-</strong></span> 
     </span>
     <span class='ocr_line' id='line_1_10' title="bbox 96 1380 1242 1471; baseline 0.002 -24"><span class='ocrx_word' id='word_1_61' title='bbox 96 1382 182 1447; x_wconf 89' lang='lat' dir='ltr'><strong>stioni</strong></span> <span class='ocrx_word' id='word_1_62' title='bbox 200 1392 335 1447; x_wconf 65' lang='lat' dir='ltr'><strong>nosuae</strong></span> <span class='ocrx_word' id='word_1_63' title='bbox 361 1380 533 1468; x_wconf 89' lang='lat' dir='ltr'><strong>impositus</strong></span> <span class='ocrx_word' id='word_1_64' title='bbox 556 1393 623 1449; x_wconf 77' lang='lat' dir='ltr'><strong>estr</strong></span> <span class='ocrx_word' id='word_1_65' title='bbox 656 1382 715 1449; x_wconf 88' lang='lat' dir='ltr'><strong>sed</strong></span> <span class='ocrx_word' id='word_1_66' title='bbox 737 1382 839 1449; x_wconf 87' lang='lat' dir='ltr'><strong>multo</strong></span> <span class='ocrx_word' id='word_1_67' title='bbox 864 1382 972 1462; x_wconf 83' lang='lat' dir='ltr'><strong>aliter,</strong></span> <span class='ocrx_word' id='word_1_68' title='bbox 1007 1404 1045 1450; x_wconf 87' lang='lat' dir='ltr'><strong>ao</strong></span> <span class='ocrx_word' id='word_1_69' title='bbox 1066 1384 1094 1449; x_wconf 93' lang='lat' dir='ltr'><strong>si</strong></span> <span class='ocrx_word' id='word_1_70' title='bbox 1115 1383 1242 1471; x_wconf 90' lang='lat' dir='ltr'><strong>simpli·</strong></span> 
     </span>
     <span class='ocr_line' id='line_1_11' title="bbox 98 1482 1244 1573; baseline 0.003 -25"><span class='ocrx_word' id='word_1_71' title='bbox 98 1483 165 1548; x_wconf 88' lang='lat' dir='ltr'><strong>citer</strong></span> <span class='ocrx_word' id='word_1_72' title='bbox 183 1482 217 1548; x_wconf 91' lang='lat' dir='ltr'><strong>in</strong></span> <span class='ocrx_word' id='word_1_73' title='bbox 238 1488 314 1548; x_wconf 88' lang='lat' dir='ltr'><strong>eam</strong></span> <span class='ocrx_word' id='word_1_74' title='bbox 334 1484 530 1568; x_wconf 84' lang='lat' dir='ltr'><strong>portionem,</strong></span> <span class='ocrx_word' id='word_1_75' title='bbox 549 1506 633 1570; x_wconf 85' lang='lat' dir='ltr'><strong>quae</strong></span> <span class='ocrx_word' id='word_1_76' title='bbox 653 1508 696 1550; x_wconf 85' lang='lat' dir='ltr'><strong>ex</strong></span> <span class='ocrx_word' id='word_1_77' title='bbox 715 1484 878 1550; x_wconf 88' lang='lat' dir='ltr'><strong>bonorum</strong></span> <span class='ocrx_word' id='word_1_78' title='bbox 897 1484 1108 1573; x_wconf 84' lang='lat' dir='ltr'><strong>possessione</strong></span> <span class='ocrx_word' id='word_1_79' title='bbox 1130 1496 1244 1552; x_wconf 87' lang='lat' dir='ltr'><strong>contra</strong></span> 
     </span>
     <span class='ocr_line' id='line_1_12' title="bbox 95 1581 1241 1673; baseline 0.002 -24"><span class='ocrx_word' id='word_1_80' title='bbox 95 1581 207 1651; x_wconf 78' lang='lat' dir='ltr'><strong>obulos</strong></span> <span class='ocrx_word' id='word_1_81' title='bbox 228 1582 274 1649; x_wconf 83' lang='lat' dir='ltr'><strong>ad</strong></span> <span class='ocrx_word' id='word_1_82' title='bbox 293 1584 501 1651; x_wconf 87' lang='lat' dir='ltr'><strong>substitutum</strong></span> <span class='ocrx_word' id='word_1_83' title='bbox 521 1588 688 1673; x_wconf 88' lang='lat' dir='ltr'><strong>peruenit,</strong></span> <span class='ocrx_word' id='word_1_84' title='bbox 732 1608 848 1653; x_wconf 85' lang='lat' dir='ltr'><strong>reuera</strong></span> <span class='ocrx_word' id='word_1_85' title='bbox 883 1585 1089 1652; x_wconf 88' lang='lat' dir='ltr'><strong>substitutum</strong></span> <span class='ocrx_word' id='word_1_86' title='bbox 1117 1586 1241 1663; x_wconf 79' lang='lat' dir='ltr'><strong>fuisset,</strong></span> 
     </span>
     <span class='ocr_line' id='line_1_13' title="bbox 95 1684 1242 1774; baseline 0 -23"><span class='ocrx_word' id='word_1_87' title='bbox 95 1707 139 1751; x_wconf 85' lang='lat' dir='ltr'><strong>res</strong></span> <span class='ocrx_word' id='word_1_88' title='bbox 168 1708 202 1753; x_wconf 88' lang='lat' dir='ltr'><strong>se</strong></span> <span class='ocrx_word' id='word_1_89' title='bbox 236 1684 373 1752; x_wconf 87' lang='lat' dir='ltr'><strong>habebit</strong></span> <span class='ocrx_word' id='word_1_90' title='bbox 404 1698 539 1774; x_wconf 86' lang='lat' dir='ltr'><strong>propter</strong></span> <span class='ocrx_word' id='word_1_91' title='bbox 558 1690 785 1754; x_wconf 76' lang='lat' dir='ltr'><strong>concurrentia</strong></span> <span class='ocrx_word' id='word_1_92' title='bbox 816 1688 851 1753; x_wconf 91' lang='lat' dir='ltr'><strong>in</strong></span> <span class='ocrx_word' id='word_1_93' title='bbox 870 1688 932 1753; x_wconf 89' lang='lat' dir='ltr'><strong>hac</strong></span> <span class='ocrx_word' id='word_1_94' title='bbox 964 1699 1055 1774; x_wconf 83' lang='lat' dir='ltr'><strong>porte</strong></span> <span class='ocrx_word' id='word_1_95' title='bbox 1079 1687 1144 1753; x_wconf 84' lang='lat' dir='ltr'><strong>alia</strong></span> <span class='ocrx_word' id='word_1_96' title='bbox 1163 1686 1242 1751; x_wconf 84' lang='lat' dir='ltr'><strong>iuris</strong></span> 
     </span>
     <span class='ocr_line' id='line_1_14' title="bbox 97 1786 1242 1875; baseline 0.003 -25"><span class='ocrx_word' id='word_1_97' title='bbox 97 1786 253 1873; x_wconf 84' lang='lat' dir='ltr'><strong>principia.</strong></span> <span class='ocrx_word' id='word_1_98' title='bbox 295 1786 472 1873; x_wconf 73' lang='lat' dir='ltr'><strong>impetrata</strong></span> <span class='ocrx_word' id='word_1_99' title='bbox 491 1788 578 1854; x_wconf 91' lang='lat' dir='ltr'><strong>enim</strong></span> <span class='ocrx_word' id='word_1_100' title='bbox 598 1788 760 1856; x_wconf 90' lang='lat' dir='ltr'><strong>bonorum</strong></span> <span class='ocrx_word' id='word_1_101' title='bbox 781 1789 991 1875; x_wconf 81' lang='lat' dir='ltr'><strong>possessione</strong></span> <span class='ocrx_word' id='word_1_102' title='bbox 1013 1787 1123 1875; x_wconf 83' lang='lat' dir='ltr'><strong>legata</strong></span> <span class='ocrx_word' id='word_1_103' title='bbox 1143 1797 1242 1853; x_wconf 87' lang='lat' dir='ltr'><strong>testa-</strong></span> 
     </span>
     <span class='ocr_line' id='line_1_15' title="bbox 96 1887 1243 1977; baseline 0.003 -27"><span class='ocrx_word' id='word_1_104' title='bbox 96 1897 191 1952; x_wconf 88' lang='lat' dir='ltr'><strong>mento</strong></span> <span class='ocrx_word' id='word_1_105' title='bbox 211 1887 335 1975; x_wconf 83' lang='lat' dir='ltr'><strong>scripta</strong></span> <span class='ocrx_word' id='word_1_106' title='bbox 354 1887 397 1952; x_wconf 87' lang='lat' dir='ltr'><strong>ad</strong></span> <span class='ocrx_word' id='word_1_107' title='bbox 417 1888 543 1953; x_wconf 90' lang='lat' dir='ltr'><strong>irritum</strong></span> <span class='ocrx_word' id='word_1_108' title='bbox 563 1890 711 1957; x_wconf 89' lang='lat' dir='ltr'><strong>recidunt</strong></span> <span class='ocrx_word' id='word_1_109' title='bbox 740 1891 884 1977; x_wconf 85' lang='lat' dir='ltr'><strong>exceptis</strong></span> <span class='ocrx_word' id='word_1_110' title='bbox 913 1891 976 1969; x_wconf 84' lang='lat' dir='ltr'><strong>iis,</strong></span> <span class='ocrx_word' id='word_1_111' title='bbox 1008 1912 1092 1976; x_wconf 86' lang='lat' dir='ltr'><strong>quae</strong></span> <span class='ocrx_word' id='word_1_112' title='bbox 1126 1888 1167 1953; x_wconf 87' lang='lat' dir='ltr'><strong>ad</strong></span> <span class='ocrx_word' id='word_1_113' title='bbox 1202 1888 1243 1953; x_wconf 89' lang='lat' dir='ltr'><strong>li-</strong></span> 
     </span>
     <span class='ocr_line' id='line_1_16' title="bbox 97 1986 1244 2078; baseline 0.003 -27"><span class='ocrx_word' id='word_1_114' title='bbox 97 1986 179 2054; x_wconf 91' lang='lat' dir='ltr'><strong>beros</strong></span> <span class='ocrx_word' id='word_1_115' title='bbox 210 2001 243 2055; x_wconf 88' lang='lat' dir='ltr'><strong>et</strong></span> <span class='ocrx_word' id='word_1_116' title='bbox 274 1999 431 2076; x_wconf 86' lang='lat' dir='ltr'><strong>parentes</strong></span> <span class='ocrx_word' id='word_1_117' title='bbox 458 1988 604 2076; x_wconf 84' lang='lat' dir='ltr'><strong>aliasque</strong></span> <span class='ocrx_word' id='word_1_118' title='bbox 637 2002 740 2057; x_wconf 87' lang='lat' dir='ltr'><strong>certus</strong></span> <span class='ocrx_word' id='word_1_119' title='bbox 764 2014 923 2077; x_wconf 87' lang='lat' dir='ltr'><strong>personas</strong></span> <span class='ocrx_word' id='word_1_120' title='bbox 951 1992 1187 2078; x_wconf 82' lang='lat' dir='ltr'><strong>pertinent,⁸⁸)</strong></span> <span class='ocrx_word' id='word_1_121' title='bbox 1212 2000 1244 2055; x_wconf 90' lang='lat' dir='ltr'><strong>et</strong></span> 
     </span>
     <span class='ocr_line' id='line_1_17' title="bbox 96 2087 1244 2179; baseline 0 -23"><span class='ocrx_word' id='word_1_122' title='bbox 96 2087 166 2156; x_wconf 77' lang='lat' dir='ltr'><strong>haec</strong></span> <span class='ocrx_word' id='word_1_123' title='bbox 193 2091 269 2179; x_wconf 85' lang='lat' dir='ltr'><strong>ipso</strong></span> <span class='ocrx_word' id='word_1_124' title='bbox 294 2090 405 2177; x_wconf 80' lang='lat' dir='ltr'><strong>legata</strong></span> <span class='ocrx_word' id='word_1_125' title='bbox 438 2088 480 2156; x_wconf 86' lang='lat' dir='ltr'><strong>ad</strong></span> <span class='ocrx_word' id='word_1_126' title='bbox 511 2092 614 2158; x_wconf 87' lang='lat' dir='ltr'><strong>uirilis</strong></span> <span class='ocrx_word' id='word_1_127' title='bbox 646 2092 808 2177; x_wconf 86' lang='lat' dir='ltr'><strong>portionis</strong></span> <span class='ocrx_word' id='word_1_128' title='bbox 841 2094 1071 2178; x_wconf 84' lang='lat' dir='ltr'><strong>quantitatem,</strong></span> <span class='ocrx_word' id='word_1_129' title='bbox 1110 2093 1139 2157; x_wconf 90' lang='lat' dir='ltr'><strong>si</strong></span> <span class='ocrx_word' id='word_1_130' title='bbox 1170 2091 1244 2179; x_wconf 87' lang='lat' dir='ltr'><strong>plus</strong></span> 
     </span>
     <span class='ocr_line' id='line_1_18' title="bbox 97 2189 1244 2281; baseline 0.005 -28"><span class='ocrx_word' id='word_1_131' title='bbox 97 2189 196 2270; x_wconf 87' lang='lat' dir='ltr'><strong>inerit,</strong></span> <span class='ocrx_word' id='word_1_132' title='bbox 228 2192 426 2278; x_wconf 81' lang='lat' dir='ltr'><strong>rediguntur</strong></span> <span class='ocrx_word' id='word_1_133' title='bbox 442 2196 494 2278; x_wconf 54' lang='grc' dir='ltr'><strong>θ’)</strong></span> <span class='ocrx_word' id='word_1_134' title='bbox 539 2203 572 2258; x_wconf 89' lang='lat' dir='ltr'><strong>et</strong></span> <span class='ocrx_word' id='word_1_135' title='bbox 604 2191 742 2278; x_wconf 79' lang='lat' dir='ltr'><strong>singulis</strong></span> <span class='ocrx_word' id='word_1_136' title='bbox 775 2191 951 2259; x_wconf 85' lang='lat' dir='ltr'><strong>heredibus</strong></span> <span class='ocrx_word' id='word_1_137' title='bbox 987 2216 1049 2281; x_wconf 91' lang='lat' dir='ltr'><strong>pro</strong></span> <span class='ocrx_word' id='word_1_138' title='bbox 1081 2204 1152 2261; x_wconf 85' lang='lat' dir='ltr'><strong>rata</strong></span> <span class='ocrx_word' id='word_1_139' title='bbox 1183 2194 1244 2259; x_wconf 87' lang='lat' dir='ltr'><strong>im-</strong></span> 
     </span>
     <span class='ocr_line' id='line_1_19' title="bbox 20 2303 260 2380; baseline 0.004 -24"><span class='ocrx_word' id='word_1_140' title='bbox 20 2375 21 2380; x_wconf 11' lang='lat'><em>*</em></span> <span class='ocrx_word' id='word_1_141' title='bbox 97 2303 260 2375; x_wconf 78' lang='lat' dir='ltr'><strong>ponunttu.</strong></span> 
     </span>
     <span class='ocr_line' id='line_1_20' title="bbox 20 2393 1244 2482; baseline 0.001 -22"><span class='ocrx_word' id='word_1_142' title='bbox 20 2407 21 2424; x_wconf 66' lang='lat'>¹</span> <span class='ocrx_word' id='word_1_143' title='bbox 186 2396 277 2460; x_wconf 90' lang='lat' dir='ltr'><strong>Hine</strong></span> <span class='ocrx_word' id='word_1_144' title='bbox 297 2395 483 2460; x_wconf 85' lang='lat' dir='ltr'><strong>necessario</strong></span> <span class='ocrx_word' id='word_1_145' title='bbox 502 2393 649 2482; x_wconf 89' lang='lat' dir='ltr'><strong>quaestio</strong></span> <span class='ocrx_word' id='word_1_146' title='bbox 681 2394 823 2469; x_wconf 81' lang='lat' dir='ltr'><strong>exsistit,</strong></span> <span class='ocrx_word' id='word_1_147' title='bbox 857 2395 1022 2481; x_wconf 90' lang='lat' dir='ltr'><strong>quomodo</strong></span> <span class='ocrx_word' id='word_1_148' title='bbox 1055 2395 1244 2462; x_wconf 86' lang='lat' dir='ltr'><strong>substitutus</strong></span> 
     </span>
     <span class='ocr_line' id='line_1_21' title="bbox 97 2491 1247 2583; baseline 0.001 -22"><span class='ocrx_word' id='word_1_149' title='bbox 97 2506 225 2579; x_wconf 77' lang='lat' dir='ltr'><strong>praestet</strong></span> <span class='ocrx_word' id='word_1_150' title='bbox 243 2496 358 2583; x_wconf 79' lang='lat' dir='ltr'><strong>legata</strong></span> <span class='ocrx_word' id='word_1_151' title='bbox 378 2491 496 2562; x_wconf 88' lang='lat' dir='ltr'><strong>tabulis</strong></span> <span class='ocrx_word' id='word_1_152' title='bbox 516 2493 752 2583; x_wconf 86' lang='lat' dir='ltr'><strong>principalibus</strong></span> <span class='ocrx_word' id='word_1_153' title='bbox 773 2494 1131 2580; x_wconf 71' lang='lat' dir='ltr'><strong>reliots,}praesertim‚</strong></span> <span class='ocrx_word' id='word_1_154' title='bbox 1166 2498 1193 2562; x_wconf 90' lang='lat' dir='ltr'><strong>si</strong></span> <span class='ocrx_word' id='word_1_155' title='bbox 1215 2508 1247 2563; x_wconf 88' lang='lat' dir='ltr'><strong>et</strong></span> 
     </span>
     <span class='ocr_line' id='line_1_22' title="bbox 100 2594 1246 2686; baseline 0.004 -27"><span class='ocrx_word' id='word_1_156' title='bbox 100 2594 218 2683; x_wconf 81' lang='lat' dir='ltr'><strong>abipso</strong></span> <span class='ocrx_word' id='word_1_157' title='bbox 236 2598 349 2683; x_wconf 83' lang='lat' dir='ltr'><strong>legata</strong></span> <span class='ocrx_word' id='word_1_158' title='bbox 368 2596 627 2663; x_wconf 75' lang='lat' dir='ltr'><strong>iuerintrelicta</strong></span> <span class='ocrx_word' id='word_1_159' title='bbox 685 2596 786 2679; x_wconf 84' lang='lat' dir='ltr'><strong>Quod</strong></span> <span class='ocrx_word' id='word_1_160' title='bbox 818 2608 853 2661; x_wconf 91' lang='lat' dir='ltr'><strong>ut</strong></span> <span class='ocrx_word' id='word_1_161' title='bbox 875 2598 979 2662; x_wconf 88' lang='lat' dir='ltr'><strong>acrius</strong></span> <span class='ocrx_word' id='word_1_162' title='bbox 1000 2598 1246 2686; x_wconf 81' lang='lat' dir='ltr'><strong>perspiciamus,</strong></span> 
     </span>
     <span class='ocr_line' id='line_1_23' title="bbox 98 2694 1226 2787; baseline 0.004 -29"><span class='ocrx_word' id='word_1_163' title='bbox 98 2695 217 2765; x_wconf 75' lang='lat' dir='ltr'><strong>iurem</strong></span> <span class='ocrx_word' id='word_1_164' title='bbox 237 2694 488 2787; x_wconf 86' lang='lat' dir='ltr'><strong>perquiremus,</strong></span> <span class='ocrx_word' id='word_1_165' title='bbox 510 2708 546 2761; x_wconf 92' lang='lat' dir='ltr'><strong>ut</strong></span> <span class='ocrx_word' id='word_1_166' title='bbox 566 2697 845 2775; x_wconf 89' lang='lat' dir='ltr'><strong>demonstremus,</strong></span> <span class='ocrx_word' id='word_1_167' title='bbox 868 2698 946 2782; x_wconf 91' lang='lat' dir='ltr'><strong>quid</strong></span> <span class='ocrx_word' id='word_1_168' title='bbox 965 2698 1150 2765; x_wconf 85' lang='lat' dir='ltr'><strong>faciendum</strong></span> <span class='ocrx_word' id='word_1_169' title='bbox 1170 2700 1226 2765; x_wconf 89' lang='lat' dir='ltr'><strong>sit:</strong></span> 
     </span>
    </p>

    <p class='ocr_par' dir='ltr' id='par_1_9' title="bbox 165 2798 1225 2885">
     <span class='ocr_line' id='line_1_24' title="bbox 165 2798 1225 2885; baseline 0.002 -22"><span class='ocrx_word' id='word_1_170' title='bbox 165 2800 205 2881; x_wconf 92' lang='grc' dir='ltr'><strong>Ι.)</strong></span> <span class='ocrx_word' id='word_1_171' title='bbox 224 2798 274 2867; x_wconf 85' lang='lat' dir='ltr'><strong>Si</strong></span> <span class='ocrx_word' id='word_1_172' title='bbox 293 2798 442 2885; x_wconf 84' lang='lat' dir='ltr'><strong>legata</strong></span> <span class='ocrx_word' id='word_1_173' title='bbox 461 2822 481 2865; x_wconf 90' lang='lat' dir='ltr'><strong>a</strong></span> <span class='ocrx_word' id='word_1_174' title='bbox 500 2798 742 2865; x_wconf 89' lang='lat' dir='ltr'><strong>substituto</strong></span> <span class='ocrx_word' id='word_1_175' title='bbox 766 2809 930 2863; x_wconf 87' lang='lat' dir='ltr'><strong>tantum</strong></span> <span class='ocrx_word' id='word_1_176' title='bbox 952 2799 1112 2867; x_wconf 86' lang='lat' dir='ltr'><strong>relicta</strong></span> <span class='ocrx_word' id='word_1_177' title='bbox 1131 2801 1225 2866; x_wconf 87' lang='lat' dir='ltr'><strong>sint.</strong></span> 
     </span>
    </p>

    <p class='ocr_par' dir='ltr' id='par_1_10' title="bbox 165 2898 1061 2988">
     <span class='ocr_line' id='line_1_25' title="bbox 165 2898 1061 2988; baseline -0.001 -22"><span class='ocrx_word' id='word_1_178' title='bbox 165 2902 225 2988; x_wconf 87' lang='lat'><em>11.)</em></span> <span class='ocrx_word' id='word_1_179' title='bbox 246 2900 294 2968; x_wconf 91' lang='lat' dir='ltr'><strong>Si</strong></span> <span class='ocrx_word' id='word_1_180' title='bbox 312 2924 333 2967; x_wconf 85' lang='lat' dir='ltr'><strong>a</strong></span> <span class='ocrx_word' id='word_1_181' title='bbox 353 2898 518 2987; x_wconf 88' lang='lat' dir='ltr'><strong>pupillo</strong></span> <span class='ocrx_word' id='word_1_182' title='bbox 537 2910 696 2966; x_wconf 83' lang='lat' dir='ltr'><strong>tautum</strong></span> <span class='ocrx_word' id='word_1_183' title='bbox 715 2898 901 2985; x_wconf 87' lang='lat' dir='ltr'><strong>legatum</strong></span> <span class='ocrx_word' id='word_1_184' title='bbox 921 2898 1061 2966; x_wconf 82' lang='lat' dir='ltr'><strong>tuerit.</strong></span> 
     </span>
    </p>

    <p class='ocr_par' dir='ltr' id='par_1_11' title="bbox 166 2999 1124 3087">
     <span class='ocr_line' id='line_1_26' title="bbox 166 2999 1124 3087; baseline 0.001 -21"><span class='ocrx_word' id='word_1_185' title='bbox 166 3000 241 3087; x_wconf 90' lang='grc' dir='ltr'><strong>ΙΙΙ.)</strong></span> <span class='ocrx_word' id='word_1_186' title='bbox 265 3000 312 3068; x_wconf 89' lang='lat' dir='ltr'><strong>Si</strong></span> <span class='ocrx_word' id='word_1_187' title='bbox 331 3000 536 3086; x_wconf 88' lang='lat' dir='ltr'><strong>utrisque</strong></span> <span class='ocrx_word' id='word_1_188' title='bbox 557 3025 576 3068; x_wconf 92' lang='lat' dir='ltr'><strong>e</strong></span> <span class='ocrx_word' id='word_1_189' title='bbox 597 3000 756 3067; x_wconf 86' lang='lat' dir='ltr'><strong>tabulis</strong></span> <span class='ocrx_word' id='word_1_190' title='bbox 779 2999 919 3085; x_wconf 85' lang='lat' dir='ltr'><strong>legata</strong></span> <span class='ocrx_word' id='word_1_191' title='bbox 940 3013 1124 3071; x_wconf 80' lang='lat' dir='ltr'><strong>exstent.</strong></span> 
     </span>
    </p>

    <p class='ocr_par' dir='ltr' id='par_1_12' title="bbox 21 3098 1249 3695">
     <span class='ocr_line' id='line_1_27' title="bbox 188 3098 1247 3188; baseline 0.005 -21"><span class='ocrx_word' id='word_1_192' title='bbox 188 3102 233 3185; x_wconf 91' lang='grc' dir='ltr'><strong>Ι.)</strong></span> <span class='ocrx_word' id='word_1_193' title='bbox 256 3098 442 3166; x_wconf 87' lang='lat' dir='ltr'><strong>Commisso</strong></span> <span class='ocrx_word' id='word_1_194' title='bbox 465 3101 644 3188; x_wconf 76' lang='lat' dir='ltr'><strong>paralium</strong></span> <span class='ocrx_word' id='word_1_195' title='bbox 665 3101 773 3167; x_wconf 87' lang='lat' dir='ltr'><strong>edicto</strong></span> <span class='ocrx_word' id='word_1_196' title='bbox 794 3100 866 3165; x_wconf 87' lang='lat' dir='ltr'><strong>fieri</strong></span> <span class='ocrx_word' id='word_1_197' title='bbox 887 3112 1013 3187; x_wconf 86' lang='lat' dir='ltr'><strong>potest,</strong></span> <span class='ocrx_word' id='word_1_198' title='bbox 1049 3115 1084 3168; x_wconf 89' lang='lat' dir='ltr'><strong>ut</strong></span> <span class='ocrx_word' id='word_1_199' title='bbox 1101 3102 1156 3169; x_wconf 91' lang='lat' dir='ltr'><strong>uel</strong></span> <span class='ocrx_word' id='word_1_200' title='bbox 1176 3126 1247 3172; x_wconf 87' lang='lat' dir='ltr'><strong>cre-</strong></span> 
     </span>
     <span class='ocr_line' id='line_1_28' title="bbox 21 3200 1248 3289; baseline 0.007 -24"><span class='ocrx_word' id='word_1_201' title='bbox 21 3255 22 3258; x_wconf 59' lang='grc'>,</span> <span class='ocrx_word' id='word_1_202' title='bbox 101 3210 160 3265; x_wconf 82' lang='lat' dir='ltr'><strong>teat</strong></span> <span class='ocrx_word' id='word_1_203' title='bbox 175 3200 286 3287; x_wconf 87' lang='lat' dir='ltr'><strong>portio</strong></span> <span class='ocrx_word' id='word_1_204' title='bbox 309 3202 427 3289; x_wconf 89' lang='lat' dir='ltr'><strong>pupilli</strong></span> <span class='ocrx_word' id='word_1_205' title='bbox 447 3202 602 3280; x_wconf 88' lang='lat' dir='ltr'><strong>instituti,</strong></span> <span class='ocrx_word' id='word_1_206' title='bbox 627 3202 680 3268; x_wconf 88' lang='lat' dir='ltr'><strong>uel</strong></span> <span class='ocrx_word' id='word_1_207' title='bbox 703 3202 817 3267; x_wconf 87' lang='lat' dir='ltr'><strong>eodem</strong></span> <span class='ocrx_word' id='word_1_208' title='bbox 835 3213 1040 3287; x_wconf 83' lang='lat' dir='ltr'><strong>permaneat,</strong></span> <span class='ocrx_word' id='word_1_209' title='bbox 1070 3205 1125 3271; x_wconf 91' lang='lat' dir='ltr'><strong>uel</strong></span> <span class='ocrx_word' id='word_1_210' title='bbox 1144 3206 1248 3273; x_wconf 89' lang='lat' dir='ltr'><strong>demi·</strong></span> 
     </span>
     <span class='ocr_line' id='line_1_29' title="bbox 100 3301 1248 3389; baseline 0.007 -26"><span class='ocrx_word' id='word_1_211' title='bbox 100 3312 216 3367; x_wconf 86' lang='lat' dir='ltr'><strong>uustur.</strong></span> <span class='ocrx_word' id='word_1_212' title='bbox 260 3301 490 3389; x_wconf 85' lang='lat' dir='ltr'><strong>Quodcunque</strong></span> <span class='ocrx_word' id='word_1_213' title='bbox 511 3304 650 3383; x_wconf 82' lang='lat' dir='ltr'><strong>aecidat,</strong></span> <span class='ocrx_word' id='word_1_214' title='bbox 681 3302 889 3367; x_wconf 90' lang='lat' dir='ltr'><strong>substitutum</strong></span> <span class='ocrx_word' id='word_1_215' title='bbox 921 3302 1024 3369; x_wconf 91' lang='lat' dir='ltr'><strong>nihilo</strong></span> <span class='ocrx_word' id='word_1_216' title='bbox 1063 3306 1169 3371; x_wconf 88' lang='lat' dir='ltr'><strong>minus</strong></span> <span class='ocrx_word' id='word_1_217' title='bbox 1199 3305 1248 3371; x_wconf 91' lang='lat' dir='ltr'><strong>le·</strong></span> 
     </span>
     <span class='ocr_line' id='line_1_30' title="bbox 101 3403 1248 3492; baseline 0.002 -24"><span class='ocrx_word' id='word_1_218' title='bbox 101 3412 169 3485; x_wconf 82' lang='lat' dir='ltr'><strong>gata</strong></span> <span class='ocrx_word' id='word_1_219' title='bbox 185 3426 207 3468; x_wconf 86' lang='lat' dir='ltr'><strong>a</strong></span> <span class='ocrx_word' id='word_1_220' title='bbox 225 3426 264 3469; x_wconf 88' lang='lat' dir='ltr'><strong>se</strong></span> <span class='ocrx_word' id='word_1_221' title='bbox 286 3403 400 3470; x_wconf 87' lang='lat' dir='ltr'><strong>relicta</strong></span> <span class='ocrx_word' id='word_1_222' title='bbox 429 3417 595 3492; x_wconf 84' lang='lat' dir='ltr'><strong>praestare</strong></span> <span class='ocrx_word' id='word_1_223' title='bbox 631 3404 764 3480; x_wconf 84' lang='lat' dir='ltr'><strong>debere,</strong></span> <span class='ocrx_word' id='word_1_224' title='bbox 798 3404 862 3469; x_wconf 88' lang='lat' dir='ltr'><strong>iam</strong></span> <span class='ocrx_word' id='word_1_225' title='bbox 881 3403 1041 3469; x_wconf 87' lang='lat' dir='ltr'><strong>uidimus:</strong></span> <span class='ocrx_word' id='word_1_226' title='bbox 1074 3406 1248 3491; x_wconf 85' lang='lat' dir='ltr'><strong>quaeritur,</strong></span> 
     </span>
     <span class='ocr_line' id='line_1_31' title="bbox 102 3505 1249 3592; baseline 0.006 -28"><span class='ocrx_word' id='word_1_227' title='bbox 102 3513 198 3569; x_wconf 87' lang='lat' dir='ltr'><strong>utrum</strong></span> <span class='ocrx_word' id='word_1_228' title='bbox 216 3526 279 3590; x_wconf 86' lang='lat' dir='ltr'><strong>pro</strong></span> <span class='ocrx_word' id='word_1_229' title='bbox 300 3506 400 3571; x_wconf 91' lang='lat' dir='ltr'><strong>modo</strong></span> <span class='ocrx_word' id='word_1_230' title='bbox 422 3506 519 3586; x_wconf 89' lang='lat' dir='ltr'><strong>eius,</strong></span> <span class='ocrx_word' id='word_1_231' title='bbox 556 3507 591 3571; x_wconf 91' lang='lat' dir='ltr'><strong>in</strong></span> <span class='ocrx_word' id='word_1_232' title='bbox 628 3505 718 3592; x_wconf 91' lang='lat' dir='ltr'><strong>quod</strong></span> <span class='ocrx_word' id='word_1_233' title='bbox 737 3516 930 3570; x_wconf 88' lang='lat' dir='ltr'><strong>testamento</strong></span> <span class='ocrx_word' id='word_1_234' title='bbox 956 3505 1147 3571; x_wconf 85' lang='lat' dir='ltr'><strong>substitutus</strong></span> <span class='ocrx_word' id='word_1_235' title='bbox 1170 3518 1249 3587; x_wconf 85' lang='lat' dir='ltr'><strong>erat,</strong></span> 
     </span>
     <span class='ocr_line' id='line_1_32' title="bbox 102 3598 1249 3695; baseline 0.007 -29"><span class='ocrx_word' id='word_1_236' title='bbox 102 3598 201 3690; x_wconf 77' lang='lat' dir='ltr'><strong>legata</strong></span> <span class='ocrx_word' id='word_1_237' title='bbox 218 3618 378 3693; x_wconf 86' lang='lat' dir='ltr'><strong>praestet,</strong></span> <span class='ocrx_word' id='word_1_238' title='bbox 416 3631 458 3674; x_wconf 91' lang='lat' dir='ltr'><strong>an</strong></span> <span class='ocrx_word' id='word_1_239' title='bbox 483 3610 552 3675; x_wconf 93' lang='lat' dir='ltr'><strong>eius</strong></span> <span class='ocrx_word' id='word_1_240' title='bbox 574 3607 735 3695; x_wconf 87' lang='lat' dir='ltr'><strong>portionis</strong></span> <span class='ocrx_word' id='word_1_241' title='bbox 755 3606 882 3673; x_wconf 88' lang='lat' dir='ltr'><strong>ratione</strong></span> <span class='ocrx_word' id='word_1_242' title='bbox 901 3604 1030 3685; x_wconf 82' lang='lat' dir='ltr'><strong>habite,</strong></span> <span class='ocrx_word' id='word_1_243' title='bbox 1067 3630 1164 3693; x_wconf 91' lang='lat' dir='ltr'><strong>quam</strong></span> <span class='ocrx_word' id='word_1_244' title='bbox 1187 3607 1249 3674; x_wconf 90' lang='lat' dir='ltr'><strong>bo-</strong></span> 
     </span>
    </p>
   </div>
   <div class='ocr_carea' id='block_1_4' title="bbox 108 3790 299 3807">
    <p class='ocr_par' dir='ltr' id='par_1_13' title="bbox 108 3790 299 3807">
     <span class='ocr_line' id='line_1_33' title="bbox 108 3790 299 3807; baseline 0.021 -4"><span class='ocrx_word' id='word_1_245' title='bbox 108 3790 299 3807; x_wconf 52' lang='lat' dir='ltr'>Q</span> 
     </span>
    </p>
   </div>
   <div class='ocr_carea' id='block_1_5' title="bbox 23 3907 1252 4352">
    <p class='ocr_par' dir='ltr' id='par_1_14' title="bbox 104 3907 1251 4161">
     <span class='ocr_line' id='line_1_34' title="bbox 135 3907 1251 3979; baseline 0.002 -14"><span class='ocrx_word' id='word_1_246' title='bbox 135 3907 179 3977; x_wconf 71' lang='grc' dir='ltr'><strong>Η)</strong></span> <span class='ocrx_word' id='word_1_247' title='bbox 206 3914 250 3965; x_wconf 78' lang='lat' dir='ltr'><strong>Of.</strong></span> <span class='ocrx_word' id='word_1_248' title='bbox 278 3918 310 3967; x_wconf 75' lang='lat' dir='ltr'><strong>b·</strong></span> <span class='ocrx_word' id='word_1_249' title='bbox 338 3911 362 3962; x_wconf 77' lang='grc' dir='ltr'><strong>ὅ.</strong></span> <span class='ocrx_word' id='word_1_250' title='bbox 394 3907 467 3978; x_wconf 65' lang='grc' dir='ltr'><strong>Μ.</strong></span> <span class='ocrx_word' id='word_1_251' title='bbox 503 3914 538 3965; x_wconf 79' lang='lat' dir='ltr'><strong>de</strong></span> <span class='ocrx_word' id='word_1_252' title='bbox 579 3914 650 3979; x_wconf 68' lang='lat' dir='ltr'><strong>legg.</strong></span> <span class='ocrx_word' id='word_1_253' title='bbox 700 3912 772 3965; x_wconf 83' lang='lat' dir='ltr'><strong>beris</strong></span> <span class='ocrx_word' id='word_1_254' title='bbox 800 3920 828 3965; x_wconf 81' lang='lat' dir='ltr'><strong>et</strong></span> <span class='ocrx_word' id='word_1_255' title='bbox 853 3912 1026 3979; x_wconf 80' lang='lat' dir='ltr'><strong>perentibus,</strong></span> <span class='ocrx_word' id='word_1_256' title='bbox 1053 3914 1135 3966; x_wconf 81' lang='lat' dir='ltr'><strong>uxori</strong></span> <span class='ocrx_word' id='word_1_257' title='bbox 1159 3913 1251 3967; x_wconf 82' lang='lat' dir='ltr'><strong>nurui·</strong></span> 
     </span>
     <span class='ocr_line' id='line_1_35' title="bbox 104 4003 1251 4072; baseline 0.006 -20"><span class='ocrx_word' id='word_1_258' title='bbox 104 4011 194 4064; x_wconf 71' lang='lat' dir='ltr'><strong>preest.</strong></span> <span class='ocrx_word' id='word_1_259' title='bbox 224 4003 386 4069; x_wconf 84' lang='lat' dir='ltr'><strong>(xxxvn,</strong></span> <span class='ocrx_word' id='word_1_260' title='bbox 415 4003 459 4069; x_wconf 83' lang='lat'><strong>5.),</strong></span> <span class='ocrx_word' id='word_1_261' title='bbox 477 4006 508 4056; x_wconf 90' lang='lat' dir='ltr'><strong>L.</strong></span> <span class='ocrx_word' id='word_1_262' title='bbox 540 4003 583 4055; x_wconf 73' lang='lat'><strong>³5.</strong></span> <span class='ocrx_word' id='word_1_263' title='bbox 616 4008 650 4056; x_wconf 86' lang='lat' dir='ltr'><strong>de</strong></span> <span class='ocrx_word' id='word_1_264' title='bbox 701 4021 754 4072; x_wconf 87' lang='lat' dir='ltr'><strong>qne</strong></span> <span class='ocrx_word' id='word_1_265' title='bbox 781 4006 853 4057; x_wconf 87' lang='lat' dir='ltr'><strong>dotis</strong></span> <span class='ocrx_word' id='word_1_266' title='bbox 878 4007 988 4057; x_wconf 90' lang='lat' dir='ltr'><strong>nomine</strong></span> <span class='ocrx_word' id='word_1_267' title='bbox 1010 4006 1156 4069; x_wconf 55' lang='lat' dir='ltr'><strong>legarunt</strong></span> <span class='ocrx_word' id='word_1_268' title='bbox 1208 4006 1251 4059; x_wconf 83' lang='lat' dir='ltr'><strong>Os.</strong></span> 
     </span>
     <span class='ocr_line' id='line_1_36' title="bbox 105 4094 921 4161; baseline 0.007 -18"><span class='ocrx_word' id='word_1_269' title='bbox 105 4094 171 4157; x_wconf 75' lang='lat' dir='ltr'><strong>nug.</strong></span> <span class='ocrx_word' id='word_1_270' title='bbox 189 4103 217 4145; x_wconf 85' lang='lat' dir='ltr'><strong>et</strong></span> <span class='ocrx_word' id='word_1_271' title='bbox 234 4110 308 4161; x_wconf 87' lang='lat' dir='ltr'><strong>pup..</strong></span> <span class='ocrx_word' id='word_1_272' title='bbox 699 4098 723 4160; x_wconf 73' lang='grc'><strong>5.</strong></span> <span class='ocrx_word' id='word_1_273' title='bbox 742 4095 765 4147; x_wconf 88' lang='lat'><strong>1.</strong></span> <span class='ocrx_word' id='word_1_274' title='bbox 785 4104 813 4147; x_wconf 86' lang='lat' dir='ltr'><strong>et</strong></span> <span class='ocrx_word' id='word_1_275' title='bbox 832 4097 858 4151; x_wconf 76' lang='lat'><strong>2.</strong></span> <span class='ocrx_word' id='word_1_276' title='bbox 877 4097 921 4149; x_wconf 89' lang='lat' dir='ltr'><strong>ib..</strong></span> 
     </span>
    </p>

    <p class='ocr_par' dir='ltr' id='par_1_15' title="bbox 23 4183 1252 4352">
     <span class='ocr_line' id='line_1_37' title="bbox 23 4183 1252 4257; baseline 0.004 -19"><span class='ocrx_word' id='word_1_277' title='bbox 23 4209 24 4256; x_wconf 21' lang='lat' dir='ltr'><strong>q</strong></span> <span class='ocrx_word' id='word_1_278' title='bbox 138 4183 185 4251; x_wconf 83' lang='lat'><strong>⁸⁸)</strong></span> <span class='ocrx_word' id='word_1_279' title='bbox 213 4188 247 4239; x_wconf 78' lang='lat' dir='ltr'>L</span> <span class='ocrx_word' id='word_1_280' title='bbox 266 4185 290 4239; x_wconf 91' lang='lat'><strong>1.</strong></span> <span class='ocrx_word' id='word_1_281' title='bbox 322 4202 363 4252; x_wconf 84' lang='lat' dir='ltr'><strong>pr.</strong></span> <span class='ocrx_word' id='word_1_282' title='bbox 397 4189 431 4237; x_wconf 87' lang='lat' dir='ltr'><strong>de</strong></span> <span class='ocrx_word' id='word_1_283' title='bbox 458 4188 529 4251; x_wconf 77' lang='lat' dir='ltr'><strong>legg.</strong></span> <span class='ocrx_word' id='word_1_284' title='bbox 548 4195 649 4253; x_wconf 78' lang='lat' dir='ltr'><strong>preest.</strong></span> <span class='ocrx_word' id='word_1_285' title='bbox 736 4186 786 4253; x_wconf 66' lang='grc' dir='ltr'><strong>θ’)</strong></span> <span class='ocrx_word' id='word_1_286' title='bbox 821 4190 852 4239; x_wconf 75' lang='lat' dir='ltr'><strong>L.</strong></span> <span class='ocrx_word' id='word_1_287' title='bbox 881 4188 906 4241; x_wconf 77' lang='lat' dir='ltr'><strong>d.</strong></span> <span class='ocrx_word' id='word_1_288' title='bbox 937 4187 962 4242; x_wconf 84' lang='grc' dir='ltr'><strong>Ι.</strong></span> <span class='ocrx_word' id='word_1_289' title='bbox 992 4188 1017 4243; x_wconf 84' lang='lat'><strong>8.</strong></span> <span class='ocrx_word' id='word_1_290' title='bbox 1050 4188 1094 4245; x_wconf 77' lang='lat'><strong>23·</strong></span> <span class='ocrx_word' id='word_1_291' title='bbox 1123 4192 1157 4241; x_wconf 85' lang='lat' dir='ltr'><strong>de</strong></span> <span class='ocrx_word' id='word_1_292' title='bbox 1180 4191 1252 4257; x_wconf 72' lang='lat' dir='ltr'><strong>legg.</strong></span> 
     </span>
     <span class='ocr_line' id='line_1_38' title="bbox 108 4275 809 4352; baseline -0.003 -19"><span class='ocrx_word' id='word_1_293' title='bbox 108 4275 249 4344; x_wconf 82' lang='lat' dir='ltr'><strong>(mvn,</strong></span> <span class='ocrx_word' id='word_1_294' title='bbox 267 4278 307 4348; x_wconf 72' lang='grc' dir='ltr'><strong>ὅ.)</strong></span> <span class='ocrx_word' id='word_1_295' title='bbox 337 4278 407 4333; x_wconf 77' lang='lat' dir='ltr'><strong>tt:</strong></span> <span class='ocrx_word' id='word_1_296' title='bbox 441 4282 522 4346; x_wconf 81' lang='lat' dir='ltr'><strong>„Hoc</strong></span> <span class='ocrx_word' id='word_1_297' title='bbox 549 4287 592 4331; x_wconf 87' lang='lat' dir='ltr'><strong>est</strong></span> <span class='ocrx_word' id='word_1_298' title='bbox 610 4282 649 4352; x_wconf 70' lang='lat' dir='ltr'><strong>ii-</strong></span> <span class='ocrx_word' id='word_1_299' title='bbox 697 4287 809 4347; x_wconf 75' lang='lat' dir='ltr'><strong>preest..</strong></span> 
     </span>
    </p>
   </div>
   <div class='ocr_carea' id='block_1_6' title="bbox 0 0 1550 5117">
    <p class='ocr_par' dir='ltr' id='par_1_16' title="bbox 0 0 1550 5117">
     <span class='ocr_line' id='line_1_39' title="bbox 0 0 1550 5117; baseline 0 0"><span class='ocrx_word' id='word_1_300' title='bbox 0 0 1550 5117; x_wconf 95' lang='lat' dir='ltr'><strong> </strong></span> 
     </span>
    </p>
   </div>
  </div>
 </body>
</html>
