3067 5117
809 710 841 794 s.
863 709 914 778 re.

457 913 491 967 V.
526 913 576 965 DE
593 909 906 964 Pesnsvrss’rronn
923 908 995 962 PRO
1024 908 1268 962 POSSESSORE.

386 1091 487 1176 Quod
512 1094 546 1158 in
577 1088 782 1180 paragrapho
812 1087 1023 1156 antecedente
1053 1087 1241 1168 docuimus,
1271 1113 1437 1176 praesum-

280 1192 427 1278 ptionem
449 1218 509 1281 pro
527 1214 719 1282 possessore
740 1204 806 1258 tam
826 1213 961 1278 grauem
982 1199 1109 1255 exstare
1125 1188 1244 1255 multos
1262 1192 1438 1278 paramese,

279 1305 316 1360 ut
342 1295 457 1361 merito
486 1295 568 1362 elius
597 1317 731 1381 prorsus
760 1291 891 1380 generis
920 1313 981 1376 pro
1012 1290 1149 1357 dominii
1178 1291 1327 1357 libertate
1346 1317 1438 1378 prae-

280 1395 459 1484 sumptioni
480 1395 605 1484 opponi
627 1394 741 1484 possit,
773 1391 869 1480 quale
889 1390 931 1456 sit
951 1391 1138 1457 uideamus:
1161 1393 1268 1458 statim
1290 1394 1377 1458 enim
1400 1393 1437 1458 ab

281 1493 389 1573 initio,
420 1520 519 1583 quum
547 1497 649 1585 ipsius
672 1494 861 1582 negatoriae
884 1492 1020 1560 actionis
1041 1493 1116 1558 finis
1139 1494 1288 1560 uideatur
1308 1494 1336 1558 is
1358 1517 1438 1570 esse,

280 1607 316 1662 ut
341 1595 534 1685 plerumque
562 1599 718 1666 aduersus
751 1617 961 1684 possessores
993 1593 1168 1680 dirigatur,
1201 1619 1269 1660 non
1295 1605 1436 1682 apparet,

280 1697 444 1784 quomodo
468 1725 509 1768 ex
527 1699 713 1768 necessaria
738 1695 878 1785 quadam
903 1695 999 1760 huius
1022 1695 1159 1762 actionis
1181 1697 1338 1783 qualitate
1360 1720 1436 1762 con-

278 1809 328 1866 tra
348 1814 490 1868 actorem
509 1801 673 1889 praesumi
698 1799 871 1886 quicquam
897 1797 1012 1886 possit.

383 1901 572 1970 Pro'uocant
607 1913 729 1979 autem,
773 1899 829 1986 qui
861 1901 1161 1988 praesumptionem
1196 1911 1342 1966 statuunt
1379 1923 1435 1987 pro

280 2024 474 2089 possessore
496 2028 656 2092 pugnare,
677 2002 818 2068 maxime
840 2001 882 2067 ad
901 2001 934 2084 ἓ.
957 2002 987 2067 l.
1007 2002 1034 2067 Ι.
1056 2001 1097 2066 de
1119 2001 1175 2065 int.
1199 2003 1278 2086 (llll
1286 2051 1296 2081 ,
1320 2006 1400 2089 15.):

358 2105 531 2192 „Namque
556 2104 619 2170 nisi
640 2114 714 2170 ante
736 2102 941 2190 exploratum
960 2103 1073 2180 luerit,
1100 2104 1202 2168 utrius
1225 2127 1340 2170 eorum
1360 2130 1434 2192 pos-

358 2208 460 2274 sessio
495 2207 552 2286 sit,
588 2229 656 2272 non
681 2215 790 2292 potest
817 2204 970 2292 petitoria
997 2204 1080 2270 actio
1110 2205 1252 2284 institui,
1296 2209 1374 2294 quia
1405 2219 1433 2273 et

357 2307 462 2374 ciuilis
487 2318 518 2374 et
537 2306 692 2374 naturalis
718 2307 800 2372 ratio
822 2305 916 2388 facit,
946 2313 982 2368 ut
1003 2304 1085 2371 alius
1106 2309 1274 2393 possideat
1302 2322 1334 2377 et
1355 2311 1431 2377 alius

356 2433 375 2476 a
396 2408 584 2498 possidente
606 2417 704 2496 petet.
744 2409 790 2472 Et
811 2407 888 2494 qnia
914 2406 1015 2492 longe
1035 2409 1238 2475 commodius
1261 2423 1329 2491 est,
1357 2437 1431 2500 pos-

356 2511 481 2590 sidere,
509 2534 606 2598 quam
625 2520 735 2598 petere
746 2557 756 2587 ‚
777 2507 853 2574 ideo
875 2507 1067 2594 plerumque
1096 2520 1128 2575 et
1147 2509 1214 2576 fere
1233 2535 1364 2600 semper
1384 2515 1431 2578 in-

355 2637 438 2700 gens
460 2611 585 2680 exsistit
610 2611 651 2678 dc
672 2611 746 2698 ipsa
765 2611 977 2697 possessione
998 2612 1234 2678 controuersia.
1277 2614 1431 2682 Commo-

353 2714 430 2780 dum
452 2725 559 2782 autem
579 2713 780 2800 possidentis
801 2714 837 2779 in
856 2736 895 2780 eo
919 2725 986 2791 est,
1017 2713 1106 2798 quod
1135 2714 1261 2780 etiarnsi
1283 2718 1353 2783 eius
1381 2741 1429 2782 res
1525 2754 1526 2757 κ

352 2840 420 2882 non
444 2817 502 2895 sit,
523 2817 580 2902 qui
599 2815 765 2903 possidet,
795 2813 942 2879 simodo
967 2825 1056 2880 actor
1084 2838 1153 2880 non
1175 2819 1319 2902 potuerit
1340 2842 1427 2885 suam
1525 2806 1526 2811 ἵ

352 2941 424 2985 esse
445 2917 596 3005 probare,
617 2927 762 2982 remanet
783 2939 843 2981 suo
866 2915 941 2982 loco
963 2917 1171 3003 possessi0.“

269 3023 367 3087 Hunc
388 3020 497 3087 locum
528 3020 585 3106 qui
604 3017 857 3106 'possessionem
883 3041 943 3105 pro
977 3040 1170 3104 possessore
1199 3021 1339 3090 militare
1371 3049 1426 3090 ne·
1524 3100 1525 3103 Ἴ

270 3132 359 3209 gant,
381 3121 422 3188 ad
443 3142 494 3186 res
518 3129 641 3186 tantum
661 3117 849 3206 corporales
864 3117 1027 3205 pertinere
1050 3119 1178 3200 docent,
1198 3135 1229 3188 et
1248 3127 1425 3192 rectissime

268 3235 402 3312 propter
434 3221 537 3288 uerba
562 3221 662 3306 „quia
693 3231 725 3286 et
761 3221 867 3286 ciuilis
902 3230 934 3286 et
964 3222 1120 3288 naturalis
1152 3226 1234 3291 ratio
1263 3227 1359 3307 lacit,
1392 3241 1424 3294 ut

272 3327 354 3392 alius
374 3323 559 3412 possideat,
583 3322 664 3388 alius
689 3346 708 3387 a
729 3321 919 3408 possidente
938 3334 1071 3410 petat‚“
1091 3349 1186 3411 quae,
1209 3330 1273 3395 nisi
1293 3355 1424 3417 prorsus
1523 3392 1524 3399 ,

268 3553 377 3596 rerum
399 3525 618 3614 corporalium
644 3526 884 3592 controuersias
906 3527 1075 3612 quadrant.
1118 3527 1169 3593 cf.
1196 3533 1377 3600 Mannna
1400 3536 1421 3598 l.

269 3427 476 3514 negligamus
498 3423 719 3490 auctoritatem
749 3425 781 3507 S.
804 3426 834 3492 2.
867 3426 894 3490 Ι.
914 3424 956 3490 de
979 3435 1040 3492 act.
1061 3427 1118 3510 (cl.
1140 3430 1171 3511 §-
1192 3430 1240 3514 4.)
1276 3433 1320 3498 ad
1340 3434 1422 3499 solas

268 3631 291 3696 l.
303 3634 345 3707 4.,
365 3631 574 3696 Anrnosrvs
596 3628 696 3713 §.50.‚
719 3629 1301 3715 vorassemvs§.7.,russoa1vs
1324 3639 1419 3723 pao..
1522 3644 1523 3655 ¹

263 3735 398 3800 Parrvs
416 3754 495 3798 uero
515 3754 548 3817 p.
569 3729 639 3799 200.
661 3739 770 3816 spreto
792 3730 864 3798 hoc.
881 3743 1087 3816 argumento,
1113 3735 1202 3818 quod
1224 3760 1328 3822 aeque
1355 3739 1418 3804 lor-

264 3840 350 3896 tasse
372 3853 439 3895 non
461 3831 680 3898 considerauit
706 3843 802 3916 atque
826 3831 977 3899 ultima
1005 3834 1037 3918 §-
1060 3837 1090 3901 4.
1111 3835 1137 3900 Ι.
1168 3836 1210 3900 de
1230 3837 1288 3902 int.
1309 3839 1417 3916 uerba,

263 3953 347 4014 quae
363 3953 430 3995 non
453 3931 683 4018 apposuimus,
711 3932 859 4016 iniquum
888 3957 960 4000 esse
984 3936 1127 4013 censuit,
1158 3937 1246 4002 aliud
1275 3939 1353 4023 quid
1380 3962 1417 4004 cx
1521 3958 1522 3963 ’

262 4030 326 4096 hoc
358 4031 432 4096 loco
455 4033 543 4111 erui,
580 4031 643 4096 nisi
677 4033 844 4118 generalia
865 4034 956 4101 etde
978 4037 1189 4121 possessione
1212 4040 1306 4106 etde
1327 4040 1415 4125 quasi

196 4179 199 4186 .
262 4133 473 4218 possessione
501 4143 685 4220 praecepta.
727 4133 796 4202 Sed
829 4135 954 4200 etiamsi
980 4136 1043 4203 hoc
1073 4138 1308 4217 concedamus,
1336 4139 1412 4203 nihil

259 4244 367 4301 tamen
389 4233 465 4299 inde
486 4234 694 4320 proficiemus
718 4234 759 4300 ad
782 4234 945 4302 obiectum
983 4240 1185 4325 probationis
1212 4241 1247 4306 in
1280 4251 1412 4328 negato·
