3067 5117
281 363 342 435 122

279 523 401 597 gatum,
423 524 457 581 et
476 512 629 581 secundis
648 512 768 581 deinde
790 512 907 580 tabulis
935 513 1167 583 incrementum
1196 517 1329 603 ceperit,
1353 525 1438 583 recte

277 614 346 680 dici
368 616 491 701 possit,
520 614 609 701 quod
631 615 790 691 excedat,
824 614 888 682 hoc
910 637 983 681 esse
1010 618 1099 701 quod
1127 642 1147 685 a
1167 618 1340 683 substituto
1362 616 1438 682 reli-

275 727 365 781 ctum
386 728 452 794 est,
473 716 502 781 si
522 738 602 783 uero
623 714 779 783 inutiliter
800 716 911 803 primis
933 716 1050 782 tabulis
1073 718 1218 805 legatum
1238 718 1352 793 fuerit,
1373 740 1438 783 non

278 816 356 881 item
375 816 440 883 dici
462 818 588 903 possit,
610 840 670 895 eo,
692 817 781 901 quod
805 818 983 883 intercedat
1003 819 1087 883 inter
1108 842 1304 885 summam
1323 840 1437 883 num·

277 940 435 984 morum
455 919 607 1007 primis
630 919 793 983 tabulis
814 918 1032 983 inutiliter
1050 920 1251 1007 legatorum,
1273 931 1306 986 et
1327 942 1437 985 sum·

276 1043 377 1084 mam
398 1020 600 1086 secundis
623 1018 789 1085 tabulis
810 1018 993 1083 datorum
1014 1019 1099 1085 effici
1119 1020 1173 1097 id,
1214 1020 1303 1105 quod
1341 1019 1436 1105 plus

275 1120 420 1207 legatum
442 1122 494 1187 sit.
535 1122 604 1189 Sed
633 1144 733 1207 quum
753 1120 897 1205 legatum
914 1118 1045 1199 inutile,
1076 1132 1363 1207 quantumcunque
1385 1118 1435 1196 sit,

275 1244 336 1307 pro
359 1221 461 1287 nihilo
484 1234 593 1289 tamen
614 1221 727 1287 haberi
748 1219 882 1297 debeat,
916 1221 1012 1287 etiam
1046 1233 1114 1289 tota
1148 1224 1205 1288 illa
1233 1246 1362 1289 summa
1384 1244 1435 1287 se-

276 1321 391 1386 cundis
420 1321 538 1387 tabulis
558 1323 667 1408 legata
687 1320 845 1387 excedere
867 1314 1030 1389 uidebitur
1049 1322 1184 1389 modum
1206 1323 1330 1389 inutilis
1349 1322 1434 1387 illius

274 1422 375 1510 legati
393 1435 426 1489 et
444 1424 563 1489 iccirco
584 1422 766 1488 debebitur.

378 1525 447 1592 Sed
468 1545 551 1610 opus
571 1535 641 1600 est,
662 1533 697 1588 ut
713 1522 900 1602 uideamus,
933 1528 1087 1612 quidnam
1108 1526 1242 1592 omnino
1267 1525 1436 1590 statuerint

275 1626 410 1711 antiqui,
432 1626 460 1691 si
480 1625 555 1712 plus
567 1625 717 1689 minusue
737 1624 881 1710 legatum
901 1626 997 1692 fuerit
1013 1628 1165 1694 secundis
1183 1627 1314 1704 tabulis,
1339 1648 1434 1711 quam

275 1726 427 1812 eprimis
450 1726 638 1793 debebatur.
679 1727 755 1793 Hoc
777 1726 864 1793 enim
881 1750 959 1795 casu
980 1729 1075 1796 facile
1096 1729 1168 1813 quia
1191 1728 1287 1806 dicat,
1312 1750 1434 1793 nouum

273 1828 380 1893 uideri
398 1828 542 1913 legatum
563 1828 712 1896 relictum
744 1850 838 1904 ease,
871 1840 903 1895 et
933 1841 1105 1915 utrumque
1141 1827 1351 1895 substitutum
1378 1828 1434 1893 de·

273 1928 362 1995 bere.
404 1930 472 1997 Sed
499 1930 588 1995 aliud
610 1929 786 1995 uoluerunt
806 1930 940 2016 antiqui,
958 1952 1057 2016 quum
1077 1930 1182 2017 primo
1204 1951 1282 1995 casu
1303 1928 1340 1993 id
1363 1938 1432 1992 tan-

272 2040 341 2095 tum
369 2031 507 2117 amplius
536 2030 768 2117 praestandum
786 2053 860 2097 esse
880 2032 1042 2107 dixerint,
1066 2030 1154 2115 quod
1174 2028 1309 2095 modum
1335 2027 1433 2116 legati

274 2132 386 2218 primis
406 2132 525 2199 tabulis
545 2132 652 2198 relicti
674 2132 859 2209 excederet,
880 2133 921 2197 L.
943 2134 993 2199 53.
1015 2154 1065 2217 pr.
1088 2130 1180 2196 eod:

352 2251 466 2335 „Quid
486 2273 578 2335 ergo,
601 2250 626 2315 si
648 2250 805 2315 maiorem
825 2250 1035 2335 quantitatem
1051 2248 1253 2316 asubstituto
1278 2248 1431 2333 reliquit?

352 2352 453 2435 Quod
475 2352 619 2429 excedit,
650 2351 714 2417 hoc
741 2349 822 2427 erit,
851 2351 939 2436 quod
967 2375 987 2416 a
1006 2350 1178 2417 substituto
1201 2348 1352 2417 relictum
1375 2359 1431 2424 est,

351 2452 440 2539 quod
467 2474 547 2518 uero
576 2452 739 2517 concurrit
758 2474 833 2517 eum
853 2474 978 2517 summa
994 2452 1217 2537 superioribus
1239 2452 1361 2518 tabulis
1381 2453 1430 2517 in·
1530 2470 1531 2481 ²

352 2554 490 2640 scripta,
511 2552 588 2619 inde
611 2552 813 2619 debebitur.“

374 2656 438 2721 His
458 2654 557 2741 igitur
576 2667 814 2739 consequenter
835 2656 995 2743 quispiam
1025 2654 1161 2733 dixerit,
1190 2655 1219 2719 si
1246 2654 1356 2721 minus
1378 2678 1429 2721 re-

270 2757 401 2843 liquerit
422 2766 557 2821 testator
577 2755 694 2821 tabulis
715 2758 887 2835 secundis,
906 2768 994 2823 tanto
1018 2756 1124 2821 minus
1146 2756 1277 2833 deberi,
1307 2766 1428 2842 quanto
1529 2828 1530 2839 2

270 2858 377 2923 minus
407 2858 555 2923 relictum
581 2858 632 2921 sit.
674 2857 742 2924 Sed
768 2858 850 2923 haec
887 2880 954 2923 non
987 2867 1074 2923 recte
1104 2866 1152 2923 est
1178 2858 1426 2945 argumentatio,

270 2982 308 3025 ac
329 2960 438 3046 potius
458 2959 504 3024 ita
525 2958 784 3025 ratiocinandum
804 2959 948 3025 uidetur:
972 2958 1033 3036 „ld
1050 2957 1139 3045 quod
1159 2958 1234 3045 plus
1256 2958 1429 3025 debetnra

268 3061 412 3147 pupillo,
446 3060 637 3126 nominatim
666 3084 687 3127 a
714 3060 887 3125 substituto
920 3080 987 3124 non
1015 3071 1064 3125 est
1092 3058 1283 3145 repetitum,
1322 3082 1428 3145 neque

268 3172 376 3227 tamen
408 3162 516 3226 minus
552 3161 689 3226 debetur
721 3172 857 3248 propter
885 3160 1015 3227 tacitam
1040 3160 1286 3245 repetitionem
1320 3161 1426 3245 itaque

267 3262 383 3349 regula
401 3262 458 3328 illa
477 3284 577 3347 supra
596 3261 765 3348 proposita
786 3263 965 3349 „legata
986 3261 1112 3345 sequi
1132 3282 1323 3327 caussam
1344 3284 1424 3325 me·

267 3362 442 3428 liorem‘⁴
461 3365 559 3427 etiam
579 3362 644 3429 hoc
663 3386 742 3430 casu
763 3386 893 3450 semper
912 3362 1059 3429 adhiberi
1078 3370 1166 3428 recte
1186 3370 1330 3449 potest·“
1358 3364 1425 3427 lam

267 3485 347 3527 uero
368 3463 409 3527 L.
429 3465 480 3531 53.
502 3486 551 3547 pr.
571 3464 624 3529 cit.
645 3487 816 3531 occurrere
840 3463 968 3530 uidetur
988 3464 1029 3529 L.
1052 3465 1121 3531 113.
1143 3465 1175 3547 §-
1197 3466 1226 3533 2.
1251 3464 1345 3529 cod.:
1527 3544 1528 3563 ἶ

347 3564 415 3641 „Si
442 3565 515 3648 quis
542 3588 562 3630 a
588 3566 693 3651 primo
720 3566 842 3633 herede
871 3576 1000 3633 centum
1028 3565 1188 3652 legauerit
1207 3566 1305 3631 alicui
1326 3576 1359 3631 et
1379 3565 1423 3631 ei-

345 3664 421 3730 dem
455 3690 476 3731 a
502 3665 647 3732 secundo
676 3666 816 3734 ducenta
844 3678 1023 3756 posteaque
1046 3668 1241 3754 generaliter
1261 3665 1426 3754 repetierit

345 3765 472 3852 legata,
493 3776 638 3833 trecenta
658 3768 788 3834 uidetur
807 3770 999 3856 repetisse.“

264 3869 333 3936 Sed
355 3868 527 3935 diuersitas
548 3881 598 3935 est
628 3870 712 3935 inter
731 3880 904 3954 utrumque
925 3890 1045 3935 casum.
1088 3872 1240 3937 Testatur
1261 3870 1371 3947 enim,
1396 3866 1422 3932 si

264 3968 357 4035 aliter
375 3969 519 4056 legatum
535 3992 603 4035 non
626 3970 801 4057 repetierit,
825 3992 921 4055 quam
942 3994 1064 4037 nouum
1084 3972 1228 4059 legatum
1244 3996 1263 4036 a
1278 3970 1420 4037 secundo
1526 4044 1527 4047 Ἴ

262 4070 383 4135 herede
403 4071 631 4158 relinquendo,
656 4096 723 4138 non
744 4072 882 4137 eandem
901 4071 1053 4139 habuisse
1074 4073 1203 4140 uidetur
1220 4073 1419 4139 uoluntatem

264 4194 303 4236 ae
325 4172 354 4235 si
376 4172 421 4238 ita
442 4173 620 4260 legauerit:
