3067 5117
704 1414 821 1463 CAPV'P
840 1410 1009 1462 TERTIVM.

358 1593 428 1669 ou
462 1592 599 1671 rums
626 1591 907 1669 omniomi
938 1590 995 1666 m
1029 1536 1367 1684 ovissmoun

437 1730 730 1808 PROPOSITA
754 1728 812 1804 vr
836 1728 1015 1821 nrovn
1039 1728 1291 1807 arraona

798 1938 940 1951 uun—*-

812 2088 844 2171 §-
865 2088 896 2154 o.

333 2228 515 2293 Qvouono
535 2228 795 2281 svusmrvrvs
821 2227 970 2280 SOLVAT
990 2226 1158 2287 LEGATA‚
1185 2226 1220 2277 SI
1239 2224 1392 2279 CONTRA

402 2336 577 2388 TABVLAS
595 2336 775 2388 BONORVM
792 2332 993 2388 POSSESSIO
1015 2332 1326 2385 INTERCESSERIT.

387 2512 512 2579 Contra
531 2492 658 2583 tabulas
686 2514 849 2579 bonorum
869 2512 1037 2600 possessio
1059 2534 1159 2598 quum
1175 2504 1256 2575 nihil
1282 2510 1373 2576 aliud
1391 2512 1439 2589 sit,

282 2616 346 2679 nisi
365 2615 549 2681 testamenti
570 2616 646 2681 laeti
667 2616 838 2693 eorrectio,
869 2638 930 2681 neo
962 2614 1123 2680 testatoris
1154 2612 1306 2679 uoluntas
1336 2613 1439 2679 edicto

281 2716 456 2781 commisso
480 2717 521 2781 od
553 2716 679 2783 irritum
698 2726 887 2793 reuocetur,
921 2714 979 2781 sed
1006 2714 1230 2780 tantummodo
1250 2737 1313 2801 pro
1332 2716 1440 2801 eequi-

282 2828 346 2884 tate
371 2817 578 2896 emendetur,
599 2840 805 2903 consequens
830 2828 894 2895 est,
923 2826 958 2881 ut
984 2814 1228 2881 substitutiones
1252 2840 1271 2881 a
1291 2826 1441 2883 testatore

281 2919 385 2984 laetae
407 2919 503 2987 etiam
522 2931 599 3006 post
619 2919 782 2985 bonorum
795 2917 1041 3005 possessionem
1059 2917 1261 3004 impetratam
1282 2916 1439 2983 ualiturae

282 3020 356 3086 sint.
396 3021 438 3085 L.
459 3023 510 3089 34.
533 3022 566 3105 S.
587 3023 618 3088 2.
637 3020 678 3109 de
699 3020 790 3105 uulg.
814 3030 846 3085 et
866 3041 962 3106 pup.:

362 3121 522 3200 „Etiamsi
550 3134 665 3188 eontra
706 3120 807 3207 patris
835 3120 961 3185 tabulas
992 3119 1153 3185 bonorum
1184 3122 1354 3205 possessio
1383 3144 1439 3208 pe-

248 3286 256 3291 ,
360 3224 418 3289 tita
440 3224 491 3300 sit,
515 3222 698 3288 substitutio
720 3234 828 3288 temen
841 3221 1011 3308 pupillaris
1034 3220 1131 3298 uolet,
1153 3231 1184 3285 et
1203 3221 1313 3307 legata
1336 3222 1439 3291 omni·
1531 3228 1532 3265 ³

360 3324 422 3390 bus
445 3324 642 3412 praestanda
666 3336 759 3400 sunt,
782 3346 865 3408 quae
889 3346 908 3387 a
928 3319 1157 3387 substitutione
1179 3321 1255 3389 data
1278 3333 1389 3389 sunt.“

385 3424 491 3492 Simul
514 3435 620 3488 autem
641 3423 722 3489 nihil
744 3436 793 3490 est
820 3424 924 3510 magis
947 3410 1220 3501 consentaneum,
1249 3448 1347 3509 quam
1369 3448 1439 3491 eor·
1531 3428 1532 3467 ³

279 3536 368 3592 recto
396 3524 442 3590 ita
465 3534 658 3590 testamento
693 3524 789 3591 etiam
819 3523 1081 3589 substitutionem
1114 3525 1147 3588 in
1175 3536 1299 3590 tantum
1327 3528 1439 3592 factam
1531 3532 1532 3563 ³

281 3624 403 3712 aeoipi,
426 3634 581 3712 quantum
602 3648 717 3691 reuera
739 3624 781 3691 ad
804 3624 1010 3690 substitutum
1035 3634 1084 3691 est
1104 3635 1355 3711 peruenturum,
1381 3628 1438 3693 ita-
1531 3628 1532 3661 l

283 3750 347 3812 que
365 3726 436 3791 siue
457 3725 662 3793 deminuatur
679 3724 797 3814 pupilli
817 3725 991 3802 hereditas,
1015 3748 1083 3791 non
1104 3726 1310 3793 adhibebitur
1330 3727 1440 3815 regula
1531 3796 1532 3799 ,

281 3828 323 3894 L.
346 3828 394 3896 11.
415 3828 447 3911 §-
469 3828 500 3895 5.
528 3828 570 3893 ad
589 3829 674 3917 Leg.
697 3826 806 3895 Folo:
1218 3896 1222 3902 ,

363 3928 446 4008 „De
477 3951 538 3994 suo
566 3928 657 3995 dabit
696 3929 908 4007 substitutus,
946 3929 1102 4015 quoniam
1129 3941 1222 4018 pater
1249 3929 1374 4017 legauit
1401 3928 1439 3995 de
1531 3944 1532 3971 ³

243 4231 245 4234 Ι
283 4132 353 4199 siue
364 4054 522 4209 ⁸1dile’scat,
559 4155 627 4198 non
655 4129 787 4199 aliunde
812 4132 938 4220 pupillo
965 4130 1143 4199 accessisse
1172 4134 1345 4221 quiequam
1372 4154 1438 4200 ore·

209 4317 212 4323 ¹
283 4233 479 4403 fletuum
500 4346 550 4403 est
568 4335 728 4402 sententia
747 4336 789 4401 L.
812 4335 880 4406 126.
900 4357 950 4422 pr.
973 4333 1015 4401 de
1036 4333 1126 4421 legg.
1144 4333 1192 4401 I.:
