3067 5117
1214 408 1276 479 201

119 559 202 623 Nam
224 558 265 621 L.
287 559 316 622 4.
340 557 370 640 3
396 559 440 634 1.,
462 559 502 622 L.
527 560 596 636 lb,
617 560 657 623 L.
681 561 729 626 ll.
752 559 804 624 eit.
827 558 881 624 uel
903 558 1037 624 modum
1060 558 1158 624 adiici
1177 580 1277 644 posse

118 657 334 724 seruitutibus'
350 657 602 737 constituendis,
630 660 682 725 uel
705 660 779 747 plus
800 661 879 724 iuris
901 660 963 724 sibi
983 659 1182 724 uindicando
1205 681 1276 722 ser·

118 759 272 835 uitutem,
296 758 400 843 qualis
421 761 595 826 constituta
617 771 683 838 cst,
708 783 775 825 non
797 760 921 846 perire,
959 760 1140 846 perhibent.
1181 761 1275 835 Ial.

118 862 149 943 S.
171 863 201 925 7.
236 871 342 924 autem
372 860 583 926 rectissimam
614 861 802 946 negatoriac
824 861 966 946 speciem
989 860 1137 936 exhibet,
1177 883 1276 943 quum
1370 910 1375 918 .

118 985 233 1027 reuera
261 971 373 1025 contra
394 960 506 1028 Seium
533 983 666 1048 prorsus
695 961 816 1027 liberae
838 962 902 1025 sint
930 960 1028 1028 aedes
1055 961 1276 1028 intermediae.

120 1062 172 1126 Cf.
197 1085 295 1146 supra
316 1061 346 1144 S.
367 1062 408 1128 6..

194 1233 196 1239 ,
224 1163 336 1245 ltaque
368 1161 402 1225 in
439 1163 581 1228 lontibus
617 1163 737 1229 nostris
770 1163 960 1249 negatoriae
988 1163 1051 1229 boc
1084 1185 1162 1229 casu
1197 1183 1276 1224 usus

117 1263 239 1328 mentio
261 1285 327 1325 non
348 1262 399 1325 lit:
420 1262 517 1327 immo
540 1287 639 1349 quum
660 1265 739 1330 Lu.
761 1287 811 1349 pr.
834 1263 875 1329 de
898 1265 1053 1330 seruitute
1074 1262 1276 1328 conlessorie

119 1364 246 1448 agenti,
275 1364 302 1428 si
325 1363 398 1448 plus
420 1375 524 1449 petat,
555 1389 651 1450 quarn
673 1376 803 1450 paetum
821 1365 877 1441 sit,
909 1366 976 1430 doli
998 1365 1050 1430 uel
1072 1365 1158 1451 pacti
1179 1387 1277 1428 exec-

118 1465 265 1550 ptionem
287 1487 360 1530 esse
384 1465 614 1552 opponendam
634 1465 781 1542 dicatur,
812 1477 844 1531 et
871 1465 991 1530 ultimis
1014 1489 1144 1550 quoque
1167 1465 1276 1530 uerbis

117 1567 158 1630 L.
182 1567 229 1631 ll.
253 1589 301 1650 pr.
325 1567 507 1651 quemadm.
530 1589 614 1631 seru.
637 1566 699 1631 tale
723 1567 801 1651 qnid
822 1567 970 1632 uideatur
990 1566 1173 1652 indigitari,
1196 1589 1276 1630 eon-

119 1666 172 1730 iici
195 1667 316 1751 possit,
350 1669 443 1733 uerbi
465 1669 569 1755 gratia
600 1690 648 1732 ex
677 1679 798 1753 pacto
830 1669 878 1732 illi
899 1669 1063 1755 agendum
1093 1691 1184 1744 esse,
1221 1669 1277 1752 qui

120 1771 307 1832 seruitutem
330 1770 414 1835 male
439 1770 583 1835 exerceri
613 1769 692 1834 uelit
720 1771 882 1836 euincere.
944 1772 1055 1853 Qutrm
1087 1769 1192 1844 enim,
1222 1769 1277 1852 qui

119 1869 306 1934 seruitutem
328 1871 459 1954 quidem
481 1869 648 1947 concedit,
689 1871 748 1936 sed
771 1871 924 1936 ambitum
946 1871 1017 1938 cius
1038 1881 1155 1956 negat,
1191 1892 1278 1933 seru-

118 1994 177 2056 per
194 1973 262 2036 lere
274 1973 437 2038 seruitutis
460 1973 620 2059 originem
641 1983 764 2049 noscat,
786 1995 922 2038 neeesse
942 1972 994 2048 sit,
1011 1984 1180 2058 praetcrea
1191 1971 1278 2034 enirn

119 2073 288 2158 negatoria
311 2074 351 2138 dc
373 2084 440 2137 tota
463 2073 616 2137 seruitute
638 2083 765 2160 ageret,
794 2073 859 2138 dici
880 2085 1005 2158 potest,
1046 2095 1087 2137 ex
1115 2071 1177 2136 hae
1206 2070 1279 2156 ipsa

119 2175 282 2238 seruitutis
304 2173 496 2238 constitutae
521 2197 637 2239 caussa
667 2173 828 2240 actionem
852 2186 1048 2261 competere.
1087 2171 1156 2239 Sed
1179 2194 1278 2256 quum

120 2287 249 2360 praeter
269 2287 364 2360 pacta
385 2275 479 2339 etiam
513 2275 566 2340 alii
590 2275 782 2340 seruitutem
802 2275 1071 2360 acquirendarum
1091 2275 1181 2340 modi
1203 2275 1278 2349 sint,

122 2376 177 2460 qui
201 2375 446 2440 fundamentum
467 2377 586 2463 agendi
611 2376 717 2440 minus
737 2377 832 2444 facile
864 2375 1058 2464 praebeant,
1092 2377 1280 2462 negatoriac

120 2499 197 2542 usus
222 2477 317 2542 etiam
336 2477 398 2546 hoe
422 2499 499 2543 casu
519 2479 719 2544 necessarius
743 2489 801 2555 est,
825 2490 856 2544 et
878 2477 1003 2543 ratione
1025 2501 1121 2562 quam
1138 2479 1277 2543 maximo

120 2579 374 2644 commendatur.
426 2580 536 2662 Quum
564 2578 650 2644 enim
678 2578 723 2656 is,
753 2578 810 2664 qui
835 2579 886 2643 ius
915 2577 1047 2663 aliquod
1069 2577 1167 2643 habet
1187 2578 1221 2642 in
1243 2601 1278 2643 re

119 2680 269 2757 alterius,
309 2703 411 2766 aeque
442 2703 479 2744 ac
509 2680 619 2744 tertius
650 2669 801 2764 qnidam,
838 2691 928 2744 extra
956 2679 1053 2743 huius
1083 2678 1162 2742 iuris
1196 2679 1278 2742 fines

118 2780 229 2866 inique
252 2805 349 2866 agere
366 2782 471 2866 possit
490 2792 602 2846 contra
623 2779 675 2856 id,
697 2779 786 2864 quod
806 2779 846 2844 de
865 2779 1030 2854 dominio,
1054 2779 1144 2843 cuius
1167 2779 1279 2843 intima

118 2895 234 2947 natura
254 2883 407 2947 seruitute
429 2881 538 2946 debita
559 2881 649 2945 nullo
673 2881 772 2945 modo
793 2891 841 2946 est
861 2880 979 2945 afflicta
999 2880 1056 2962 (cl.
1077 2877 1276 2961 intr-affl.)

119 2984 211 3049 alteri
233 2997 341 3060 restat,
367 3007 434 3048 non
456 2982 662 3068 intelligitur,
684 3005 741 3047 cur
762 2981 967 3046 imminutum
988 2978 1073 3043 istud
1097 2980 1278 3044 dominium

120 3087 309 3171 negatoriae
331 3083 520 3149 defensione
545 3093 668 3160 careat,
699 3084 725 3147 si
747 3082 794 3160 is,
825 3082 879 3167 qui
899 3081 970 3166 ipse
993 3079 1043 3144 ius
1065 3080 1199 3165 aliquod
1219 3080 1279 3145 ha-

120 3186 190 3262 bet,
213 3184 421 3270 tranquillum
445 3183 513 3248 eius
536 3207 630 3248 usum
654 3183 777 3261 turbet,
806 3205 905 3268 quum
926 3193 1033 3245 tamen
1062 3181 1151 3245 Titio
1173 3181 1278 3244 insin

120 3311 155 3352 re
176 3286 335 3364 habente,
367 3286 545 3352 rectissime
571 3286 615 3350 ita
640 3296 753 3351 contra
774 3285 888 3351 Seium
911 3282 1094 3366 experiatur
1116 3281 1279 3345 dominus.

119 3387 218 3452 Nulla
248 3389 334 3452 enim
363 3399 412 3452 cst
440 3387 540 3464 ratio,
569 3410 626 3451 cur
652 3409 814 3472 personae
842 3384 1012 3450 diuersitas
1035 3383 1089 3449 uel
1113 3384 1279 3449 minimam

122 3488 154 3552 in
178 3487 239 3552 hac
258 3510 292 3553 re
314 3488 379 3552 uim
400 3489 503 3574 possit
524 3483 697 3556 exercere.

225 3591 337 3675 Itaque
360 3591 497 3654 fidenter
519 3592 682 3655 communi
705 3591 945 3658 subscribamus
972 3590 1169 3666 sententiae,
1191 3586 1278 3652 unde

122 3692 283 3756 actionem
324 3693 526 3778 negatoriam
562 3692 625 3757 hoe
656 3715 787 3777 quoque
823 3716 901 3760 casu
933 3692 1067 3758 domino
1095 3703 1279 3778 competere

123 3805 275 3858 statutum
298 3805 356 3858 est.
400 3793 451 3859 Cf.
470 3794 553 3857 inira
574 3793 605 3877 S.
627 3796 688 3862 29..

226 3895 294 3962 Sed
319 3919 419 3980 quum
439 3893 501 3960 hoe
523 3894 673 3960 omnibus
699 3895 837 3979 liqueat,
863 3895 904 3962 de
934 3896 1005 3981 ipso
1035 3906 1141 3959 tamen
1170 3893 1204 3957 in
1225 3891 1281 3956 tali

121 4019 238 4062 caussa
260 3997 422 4082 probandi
444 4017 544 4062 onere
568 3995 703 4060 multum
721 4006 770 4060 est
790 3996 1018 4082 disceptatum,
1040 3994 1199 4079 quiahoc
1222 3994 1280 4058 dc-

121 4120 210 4162 mum
244 4121 322 4162 casu
359 4097 460 4162 actori
495 4097 730 4182 iniungendam
765 4120 838 4162 esse
875 4097 1101 4182 probationem
1133 4095 1281 4181 plerique

121 4211 309 4264 statuerunt.
365 4199 418 4262 Ad
454 4221 591 4283 quorum
623 4199 939 4284 argumentationes,
987 4220 1067 4282 quas
1100 4197 1220 4282 optime
1250 4210 1282 4260 ct

121 4301 324 4368 enumerauit
354 4310 386 4366 et
412 4299 563 4366 refutauit
593 4301 846 4368 Voaasacmvs
872 4300 926 4386 SS.
948 4299 1092 4366 16-18.
1123 4299 1157 4364 in
1182 4298 1284 4366 altera

1014 4393 1075 4474 13*
