3067 5117
274 419 335 487 206

328 525 336 554 Ι

353 570 483 634 tretium
516 593 583 635 non
615 569 780 657 probatur.
833 571 917 636 Nam
938 593 1038 656 quum
1060 568 1231 635 seruitutcs
1259 591 1300 634 ex
1333 578 1425 655 pacto

353 671 406 736 ucl
428 695 467 735 cx
489 682 678 738 testamento
702 673 955 751 constituantur,
989 683 1133 750 constat,
1171 670 1345 756 aliquando
1377 670 1425 734 iu-

356 773 421 839 isse
444 771 595 840 liberam:
615 811 655 822 —
675 797 754 860 ergo
779 786 811 840 ct
831 797 936 852 nunc,
959 785 989 840 et
1013 773 1059 838 sio
1080 773 1300 860 praesumptio
1325 782 1426 836 trans·

353 875 413 940 fert
436 896 518 940 onus
541 873 703 962 probandi
724 875 758 941 in
780 898 888 953 reum,
913 874 968 961 qui
990 875 1138 942 asserit.“
1395 951 1401 962 ,

271 975 383 1042 Locus
406 985 454 1041 cst
482 999 549 1040 non
581 973 651 1040 sine
680 975 887 1055 difficultate,
944 1001 1044 1062 quum
1080 976 1243 1063 duplicem
1286 973 1429 1039 admittat

271 1076 580 1164 interpretationem.
623 1078 707 1144 Sunt
729 1078 834 1154 enim,
860 1079 916 1163 qui
937 1078 1063 1155 dicant,
1094 1076 1128 1141 in
1150 1099 1189 1142 eo
1211 1086 1243 1141 ct
1263 1077 1315 1140 10.
1340 1077 1427 1140 Bas-

273 1197 406 1244 srarrvrr
427 1200 500 1244 cum
521 1178 649 1266 uulgari
672 1178 828 1266 opinione
852 1179 1078 1257 consensisse,
1108 1177 1197 1264 quod
1218 1201 1293 1242 rcus
1312 1175 1429 1244 debeat

272 1280 411 1368 probare
442 1279 646 1357 seruitutem,
690 1280 748 1346 sed
791 1281 921 1347 diuersa
948 1293 1070 1346 tautum
1102 1280 1170 1345 cius
1198 1279 1299 1344 fnisse
1333 1302 1429 1364 argu-

272 1393 390 1446 menta.
431 1381 525 1446 Alios
547 1382 635 1447 enim
655 1383 882 1462 contendisse,
915 1393 1089 1470 propterca
1113 1380 1200 1466 quod
1222 1392 1313 1446 actor
1334 1391 1430 1466 neget

272 1482 395 1569 aliquid
418 1494 449 1548 et
470 1483 601 1568 negatio
624 1483 852 1568 probationem
873 1508 940 1550 non
961 1483 1094 1560 habeat,
1123 1482 1242 1548 iccirco
1265 1480 1431 1548 transferri

227 1623 229 1627 ·
272 1607 354 1649 onus
380 1584 541 1670 probandi
571 1585 758 1650 seruitutem
785 1586 818 1650 in
848 1609 956 1650 reum:
989 1587 1196 1650 Busslnrrvur
1225 1607 1305 1649 uero
1335 1606 1429 1668 prac-

272 1686 455 1771 sumptione
477 1710 536 1772 pro
558 1686 706 1752 libertate
736 1686 873 1751 dominii
903 1687 1015 1751 nixum
1041 1710 1132 1763 esse,
1171 1709 1271 1771 quum
1294 1697 1428 1751 conten-

271 1785 371 1864 derit,
405 1809 473 1851 rem
495 1786 630 1852 liberam
660 1810 699 1852 eo
719 1787 872 1874 probari,
906 1788 994 1872 quod
1023 1812 1090 1852 non
1112 1787 1269 1874 probetur
1299 1797 1428 1852 contra-

270 1889 370 1966 rium,
413 1911 492 1972 ergo
523 1887 628 1952 dorrec
661 1887 817 1973 probetur
846 1889 1042 1954 contrarium
1073 1912 1143 1953 rcm
1174 1887 1313 1953 liberam
1335 1912 1426 1974 prac-

271 1988 364 2051 sumi.
424 1989 545 2053 Putant
582 1989 690 2075 itnque
730 1988 826 2053 huius
864 1989 1029 2081 opinionis
1069 1989 1278 2065 defensores,
1330 1989 1428 2054 uerba

271 2112 421 2175 „quum
442 2098 610 2175 neget,“
645 2090 839 2176 explicanda
866 2113 933 2156 non
961 2114 1033 2157 esse
1066 2090 1267 2177 „quando
1289 2102 1427 2177 neget,

270 2192 518 2257 seruitutem
542 2191 741 2268 deberi,“
774 2192 832 2257 sed
856 2193 963 2279 potius
994 2192 1225 2278 „quoniam
1247 2202 1426 2280 negat,“

270 2307 302 2356 ct
325 2293 359 2356 in
382 2293 592 2377 sequentibus
611 2293 720 2358 uerbis
750 2293 884 2378 „quod
905 2294 1056 2380 probat
1084 2316 1130 2358 eo
1152 2294 1247 2380 ipso
1272 2306 1335 2360 ctc.
1363 2318 1427 2360 non

270 2393 451 2458 Glossae
474 2393 618 2458 exhiberi
642 2395 895 2473 correctionem,
927 2396 985 2462 sed
1007 2396 1113 2481 ipsam
1139 2397 1309 2460 Bussnm
1331 2419 1425 2482 argu·
1522 2434 1523 2479 t

268 2493 511 2559 mentationcm.
553 2495 664 2578 Quum
686 2506 793 2561 tamen
816 2497 962 2582 quaestio
986 2497 1118 2562 inducta
1138 2497 1179 2562 sit
1199 2498 1259 2560 ita:
1318 2498 1425 2575 „Sed
1522 2484 1523 2511 i

269 2597 362 2680 quis
390 2596 430 2659 in
454 2597 833 2684 ca1·eprobabit,“
882 2608 915 2662 et
942 2597 1061 2663 deinde
1081 2598 1186 2683 primo
1215 2599 1292 2662 loco
1321 2599 1425 2662 nomi·

268 2711 394 2774 nentur,
418 2698 473 2782 qui
492 2721 548 2763 reo
576 2699 804 2784 probationem
824 2699 1006 2785 iniungant,
1027 2711 1144 2785 postea
1164 2724 1223 2786 pcr
1241 2700 1424 2785 oppositio-

268 2823 343 2865 nem
365 2798 480 2864 citetur
504 2799 724 2879 Bassrnrrvs,
763 2801 819 2886 qui
849 2812 990 2866 actorem
1018 2801 1157 2886 probare
1185 2801 1327 2878 debere,
1361 2824 1426 2865 rem
1520 2862 1521 2865 ,

268 2911 411 2966 suamet
432 2899 578 2978 liberam,
601 2902 768 2969 dixerit-
796 2926 837 2968 ne
859 2900 999 2967 dubitari
1020 2903 1151 2986 quidem
1172 2925 1271 2988 posse
1288 2902 1425 2976 uidetur,

269 3004 347 3086 quin
381 3024 448 3066 nou
481 3002 514 3066 in
544 3026 587 3082 eo
619 3003 810 3070 dissenserit
841 3005 1053 3079 Bassmuvs,
1098 3003 1186 3087 quod
1217 3003 1351 3068 diuersa
1387 3002 1425 3067 dc
1520 3006 1521 3023 ¹

268 3128 384 3170 caussa
403 3127 494 3170 reum
514 3103 556 3169 ad
577 3105 805 3190 probationem
827 3104 1050 3181 adstrinxerit,
1086 3104 1145 3170 scd
1175 3104 1209 3168 in
1238 3127 1278 3169 eo
1305 3104 1423 3190 potius,

268 3204 356 3291 quod
382 3228 497 3272 reuera
529 3217 670 3271 actorem
698 3206 838 3292 probare
868 3204 1024 3269 nolucrit:
1056 3204 1090 3268 id
1117 3206 1205 3290 quod
1234 3227 1273 3270 eo
1303 3217 1424 3270 certum
1519 3264 1520 3287 ,

266 3308 422 3385 redditur,
445 3307 532 3392 quod
555 3308 582 3372 si
602 3309 771 3372 Bussmru
792 3307 996 3371 ratiocinium
1018 3306 1221 3372 continerent
1244 3308 1363 3384 uerba,
1385 3306 1423 3369 dc
1519 3292 1520 3299 ἵ

268 3410 385 3496 quibus
414 3409 537 3497 agitur,
570 3408 726 3474 utendum
747 3408 862 3472 luisset
892 3407 944 3472 ucl
972 3408 1181 3474 coniunctiuo
1211 3409 1422 3493 „probct“
1518 3488 1519 3495 ἵ

266 3512 319 3577 ucl
342 3510 582 3577 constructione
603 3508 778 3586 indirecta,
811 3508 870 3574 sed
891 3509 1103 3573 indicatiuum
1123 3509 1273 3574 uidemus
1297 3508 1423 3575 adhibi·
1518 3498 1519 3525 ³

268 3625 346 3692 turn,
369 3614 425 3699 qui
445 3611 579 3678 nonnisi
600 3611 782 3677 Glossac
804 3611 971 3710 continere
993 3621 1102 3696 potest
1120 3611 1292 3676 rationem.

373 3713 548 3798 Quaeritur
577 3713 704 3797 itaque,
738 3723 845 3776 utrum
874 3723 981 3788 actor,
1010 3711 1066 3795 qui
1086 3722 1203 3798 negat,
1232 3733 1267 3778 se
1289 3712 1346 3776 alii
1366 3712 1421 3776 dc·
1517 3780 1518 3793 ἢ

265 3816 343 3883 bere
365 3815 570 3893 seruitutem,
600 3815 761 3900 siquidem
782 3813 934 3878 domiuus
955 3813 997 3877 sit
1017 3813 1065 3878 rei
1089 3813 1281 3890 scruientis,
1303 3839 1324 3879 a
1345 3837 1421 3900 pro·
1517 3818 1518 3829 ¹

264 3918 397 3984 batione
421 3917 584 3993 liberetur,
604 3928 635 3981 et
656 3917 689 3981 in
710 3914 817 4001 ipsum
836 3914 938 3991 illum,
961 3915 1014 3980 cui
1034 3915 1221 3981 seruitutem
1244 3929 1345 4001 negat
1364 3916 1421 3980 dc-

266 4019 353 4094 beri‚
382 4018 570 4102 probandae
593 4016 755 4082 seruitutis
778 4039 861 4081 onus
885 4016 1110 4092 transferatur,
1140 4040 1181 4081 au
1204 4029 1294 4083 actor
1313 4019 1419 4104 potins

264 4119 400 4184 liberam
423 4143 442 4182 a
469 4119 622 4184 seruitute
650 4142 741 4183 suam
767 4141 835 4182 rem
863 4141 936 4183 csse
961 4117 1101 4204 probare
1124 4117 1251 4184 debeat.
1291 4119 1418 4184 Distin-

246 4207 404 4285 'otioucm
422 4219 537 4284 factam
560 4242 632 4285 esse
653 4219 735 4283 inter
757 4230 898 4283 actorem
921 4218 1143 4304 possidentem
1168 4230 1200 4284 ct
1227 4243 1295 4284 non
1312 4218 1419 4305 possi-

265 4321 413 4398 dentem,
435 4341 502 4384 non
522 4319 631 4397 uideo,
655 4331 686 4385 et
703 4318 864 4385 Glossa
884 4318 926 4386 ad
944 4322 987 4387 L.
1006 4320 1037 4388 8.
1057 4322 1090 4404 S.
1112 4322 1143 4389 3.
1167 4320 1195 4386 si
1217 4343 1314 4398 seru,
1337 4341 1417 4404 quac
1515 4342 1516 4393 3
