3067 5117
1227 363 1286 434 en

126 515 370 593 diiudieauerit,
400 538 532 601 operam
552 516 735 603 perdidisse
753 515 901 590 uiderer,
930 512 959 577 si
980 515 1285 580 commentationem

125 619 196 684 eius
218 618 272 684 uel
294 630 393 686 totam
415 632 612 706 repeterem,
641 619 691 685 uel
716 619 813 684 etiam
835 615 1032 700 amplificare
1054 615 1263 701 periclitarer.

228 721 369 785 Breuem
401 723 509 806 itaque
543 744 672 798 eorum,
709 743 792 806 quae
811 720 964 784 Pvcfl'rn
983 717 1170 802 disputauit,
1203 740 1284 782 cou-

124 829 273 906 speetum
294 845 459 906 apponere
481 822 637 888 sufficiat:

232 923 280 997 1⁰,
304 922 466 988 Glossa
499 924 540 988 ad
577 923 617 986 L.
646 925 675 990 2.
707 931 738 987 et
770 922 817 986 12.
841 917 881 984 Ο.
908 919 1283 1005 depromendam.)

125 1033 157 1086 ct
179 1022 221 1087 ad
241 1023 281 1086 L.
305 1024 335 1088 5.
357 1045 405 1108 pr.
427 1024 455 1086 si
476 1023 553 1087 uuir.
576 1019 897 1108 interpretationibus
918 1021 1017 1086 uariis
1036 1021 1133 1086 fauet.

230 1126 280 1200 2⁰,
303 1121 666 1190 Commentatores
689 1147 729 1188 ex
751 1122 963 1208 possessione
986 1122 1166 1188 dominium
1188 1146 1283 1208 prae-

124 1224 209 1287 sumi
237 1223 486 1289 contendebant.

230 1327 280 1401 3⁰,
302 1325 493 1390 Banbouvs
517 1326 558 1392 ad
579 1327 620 1390 L.
637 1329 687 1394 27.
710 1326 750 1391 de
772 1324 868 1391 cond.
889 1323 965 1388 inst.
987 1323 1164 1406 (XXVIII,
1186 1327 1229 1406 7.)
1252 1335 1284 1390 et

122 1427 164 1490 L.
186 1428 216 1514 8.
240 1429 270 1510 ὃ.
293 1429 322 1493 3.
341 1425 369 1490 si
390 1449 474 1490 seru.
497 1427 541 1492 ita
562 1427 727 1492 distinxit:

231 1532 276 1610 a.)
299 1525 506 1591 Dominus
535 1540 599 1592 est
626 1540 754 1594 actor.
796 1530 872 1594 Hoe
890 1550 985 1603 casu,
1013 1527 1041 1590 si
1062 1526 1284 1612 principaliter

126 1629 233 1714 agitur
260 1629 300 1693 de
342 1627 487 1692 dominio
510 1627 614 1710 (uolut
634 1631 667 1694 in
690 1628 925 1711 uindicatione)
949 1628 1128 1694 dominium
1150 1629 1283 1713 plenum

124 1730 329 1816 probandum
365 1739 422 1792 est.
480 1728 540 1795 Sin
575 1754 652 1796 uero
675 1731 856 1796 incidenter
879 1731 920 1796 de
942 1729 1088 1796 dominio
1108 1730 1283 1815 quaeritur,

124 1853 280 1919 praesens
302 1851 475 1916 possessor
502 1830 653 1897 dominus
676 1833 902 1920 praesumitur.

229 1931 511 2014 b.)Dominus
546 1945 608 1998 est
641 1957 745 2000 reus.
804 1936 880 2000 Hoc
908 1956 987 2000 essu
1009 1943 1085 2019 post
1117 1933 1283 2000 fundatam

124 2033 243 2098 actoris
280 2032 493 2098 intentionem
522 2033 701 2102 dominium
730 2058 797 2100 uon
818 2034 1052 2121 praesumitur:
1087 2033 1167 2100 alias
1186 2058 1283 2120 prae-

124 2135 271 2200 sumitur.

228 2238 362 2322 Itaque,
394 2260 493 2322 quum
522 2239 556 2304 in
583 2240 753 2324 negatoria
783 2237 912 2305 actione
941 2237 1122 2303 incidenter
1161 2248 1285 2304 tantum

124 2339 166 2404 de
189 2339 333 2403 dominio
360 2350 550 2421 quaeratur,
577 2341 798 2425 possessionis
828 2339 977 2404 sufficere
1005 2337 1232 2424 probationem
1252 2351 1285 2406 et

123 2439 243 2504 iccirco
272 2438 451 2504 dominium
482 2443 647 2526 praesumi
681 2441 938 2526 Binroavsst)
970 2440 1135 2527 proponit.
1188 2442 1283 2524 Quae

121 2540 238 2626 regula
270 2562 369 2624 quum
392 2541 544 2608 facilitate
575 2566 634 2608 sua
654 2543 876 2628 maximopere
897 2565 933 2606 se
956 2542 1218 2621 commendaret,
1242 2543 1282 2608 ab

125 2639 276 2704 omnibus
313 2640 380 2706 fere
413 2642 532 2708 deinde
565 2644 634 2710 sine
667 2643 892 2709 controuersia
925 2643 1173 2727 agnoscebatur.
1228 2643 1282 2709 Ol.

124 2743 335 2808 Guvucnrvs
369 2744 445 2810 Vol.
473 2744 521 2810 X.
555 2767 587 2829 p.
609 2746 690 2814 248..
748 2743 815 2812 Vbi
836 2766 904 2807 non
927 2742 1050 2808 eratin
1071 2745 1282 2829 possessione

123 2853 228 2919 actor,
249 2842 380 2928 plenam
404 2845 540 2909 dominii
562 2845 791 2931 probationem
823 2843 930 2929 exigi,
963 2865 1169 2929 consequens
1204 2857 1281 2911 erat.

122 2945 192 3012 Sed
212 2945 265 3010 uel
287 2945 367 3010 haee
389 2948 537 3034 exceptio
560 2969 598 3012 eo
623 2946 764 3030 denique
777 2943 1055 3030 impugnabatur,
1091 2945 1180 3030 quod
1208 2946 1281 3010 aliis

123 3048 220 3114 etiam
242 3047 366 3124 modis,
390 3071 486 3134 quarn
507 3049 717 3135 possessione
737 3048 892 3133 probata,
912 3046 1092 3112 dominium
1111 3046 1282 3133 probabile

122 3171 222 3237 posse
243 3148 346 3224 reddi,
370 3150 582 3216 iureconsulti
604 3151 787 3216 consentire
810 3159 995 3234 coeperant.

227 3251 278 3326 4⁰,
299 3251 424 3314 Eorum
441 3250 540 3326 ratio,
570 3275 669 3336 quum
690 3250 852 3337 pullulare
874 3250 1057 3336 coepisset,
1100 3249 1157 3334 qui
1181 3248 1281 3314 liber-

123 3362 221 3418 tatem
253 3349 389 3416 dominii
416 3349 450 3414 in
481 3352 607 3418 actione
638 3353 809 3438 negatoria
834 3352 1038 3438 probandam
1060 3350 1281 3436 opinarentur,

124 3453 305 3518 dominium
325 3453 433 3540 ipsum
455 3455 729 3540 quemadmodum
749 3456 783 3518 in
812 3454 1015 3520 confessoris
1035 3451 1107 3519 fieri
1128 3451 1280 3529 uidimus,

123 3577 192 3618 non
226 3554 321 3620 ctiam
353 3566 449 3641 eaput
480 3555 706 3641 suscipiendae
744 3555 946 3642 probationis
977 3553 1186 3629 credebatur,
1222 3553 1282 3618 sed

124 3655 193 3722 eius
215 3655 367 3733 libertas,
397 3657 506 3742 itaque
535 3659 741 3723 summariam
769 3657 932 3741 quandam
953 3654 1089 3720 dominii
1113 3652 1281 3738 probatio-

123 3781 199 3822 nem
221 3758 369 3824 suifiecre
397 3758 574 3844 putabant,
606 3782 689 3844 quae
719 3759 801 3823 ratio
826 3757 946 3823 deiude
969 3757 1065 3822 etiam
1089 3755 1131 3820 ad
1151 3766 1281 3820 contra-

121 3859 189 3925 riae
213 3861 391 3925 sententiae
412 3861 599 3926 defensores
622 3859 757 3923 transiit..
811 3859 862 3924 Of.
884 3860 1142 3923 Relursnreurvs
1165 3864 1195 3938 ξ.
1220 3858 1279 3935 16.,

122 3963 279 4028 Krnnrvs
299 3985 331 4046 p.
355 3961 436 4038 209..
459 3962 720 4028 Vaneunovrvs
743 3961 774 4044 δ.
797 3963 867 4030 353.
891 3983 924 4024 u.
946 3963 975 4030 2.
996 3983 1024 4026 c.
1046 3961 1067 4024 i.
1088 3959 1122 4022 t..

125 4165 325 4176 -—.---—--

162 4301 209 4369 Η)
229 4305 301 4355 Tota
320 4304 387 4354 haee
403 4304 472 4356 ratio
494 4286 613 4356 ‘dilucida
641 4321 689 4356 ex·
732 4320 829 4370 pressa
855 4280 898 4357 est
915 4307 987 4370 apud
1006 4307 1166 4358 Kxoeurvu
1183 4323 1210 4372 p.
1229 4305 1281 4358 37..
