3067 5117
1191 385 1256 453 109

90 542 246 611 ditatis
269 538 709 610 uominehoolactum
745 539 813 606 sit:
846 536 951 607 alias
984 534 1254 613 eainterire,

92 648 266 733 planum
286 655 363 711 est.

196 748 249 824 2⁰,
268 747 434 831 Legata
461 769 488 812 e·
509 742 711 811 secundis
739 744 972 811 tabulis-ad
991 742 1167 810 irritum
1188 763 1254 806 re-

93 847 264 925 cidunt,
294 846 633 931 quotiescunque
666 845 838 913 omnino
871 845 1112 933 pupillaris
1147 842 1254 909 sub-

92 948 267 1014 stitutio
288 947 581 1033 exstinguitur.

18 1117 19 1132 ,
196 1051 235 1115 In
256 1048 329 1115 aliis
350 1047 501 1113 omnibus
522 1046 651 1113 ensibus
674 1047 744 1114 eius
773 1058 924 1134 respectu
948 1047 1135 1125 uoluuntur,
1166 1046 1255 1132 quod

93 1150 267 1217 substituto
291 1170 332 1215 ex
351 1160 488 1236 paterna
507 1147 685 1213 hereditate
705 1147 894 1224 obuenerit,
916 1170 984 1215 nou
1007 1172 1087 1215 uero
1109 1146 1178 1215 eius
1201 1171 1254 1213 ra-

18 1245 19 1310 l
91 1254 199 1330 tione,
240 1251 330 1343 quod
348 1250 508 1335 potuisset
526 1247 666 1326 habere,
705 1248 770 1313 uisi
790 1250 952 1317 abstinere
970 1249 1148 1315 maluisset.
1189 1250 1254 1315 Ita-

93 1378 173 1440 que,
206 1352 234 1417 si
255 1351 450 1418 exheredato
468 1349 666 1415 substitutus
688 1351 898 1429 successerit,
928 1351 1017 1417 nulla
1045 1350 1179 1417 omuino
1206 1351 1255 1417 lc-

93 1466 166 1541 gata
181 1476 224 1520 ex
243 1452 395 1519 secundis
418 1452 536 1518 tabulis
557 1460 721 1537 praestare
742 1472 877 1519 necesse
898 1451 1048 1531 hebebit,
1070 1451 1162 1517 saluo
1183 1474 1255 1518 rur—¹

94 1579 145 1621 sus
166 1554 237 1619 doli
256 1554 334 1619 mali
355 1554 484 1619 effectu.

199 1656 243 1721 Et
269 1654 346 1733 has,
375 1674 458 1739 quae
490 1664 523 1719 et
548 1653 696 1719 locomm
727 1652 790 1720 huc
813 1654 1042 1741 pertinentium
1063 1654 1256 1745 interpreta-

94 1759 179 1824 tione
201 1768 234 1823 et
254 1756 329 1844 ipsa
345 1755 425 1821 iuris
445 1754 572 1821 ratione
592 1755 878 1834 commendantur,
907 1757 1038 1843 regulas
1068 1760 1255 1845 neutiquam

18 1875 19 1928 ς
95 1859 130 1923 iis
160 1856 316 1943 obloqui,
345 1878 425 1941 quas
450 1878 550 1943 snpra
574 1854 608 1919 in
628 1854 796 1923 Falcidiae
821 1857 946 1926 ratione
977 1858 1165 1927 inducenda
1196 1864 1255 1927 ad·

95 1959 248 2025 bibendas
268 1958 472 2044 putauimus,
492 1956 527 2019 iu
547 1967 698 2043 promptu
721 1967 780 2024 est.

193 2060 309 2125 Restat
327 2058 442 2144 igitur,
464 2069 517 2133 ut,
540 2058 611 2123 siue
630 2056 717 2124 buno
732 2058 787 2123 uel
812 2059 903 2125 illum
925 2084 1036 2128 casum
1056 2064 1139 2131 forte
1159 2089 1256 2153 prac-

18 2229 19 2232 ,
97 2161 334 2237 teruiderimus,
355 2159 426 2224 siue
450 2156 672 2244 negligentius
693 2158 817 2245 aliquid
839 2163 1102 2242 tructauerimus,
1125 2168 1256 2233 ueniam

18 2317 19 2352 ,
97 2263 229 2329 lectores
251 2283 416 2347 rogemus.
451 2258 549 2324 Certe
569 2280 631 2345 pro
652 2259 710 2337 iis,
741 2282 825 2345 quae
855 2262 1018 2349 disputata
1042 2278 1134 2344 sunt,
1161 2270 1256 2335 facile

18 2413 19 2462 3
99 2363 239 2449 quisquis
267 2362 378 2428 omnia
411 2360 475 2426 sibi
504 2360 546 2425 ad
571 2372 718 2427 nostram
749 2363 941 2430 sententiam
977 2368 1096 2451 poterit
1126 2371 1257 2436 coufor-

18 2513 19 2520 κ
101 2488 193 2531 mare.
