3067 5117
270 364 329 432 tot

268 536 383 580 caussa
403 514 461 592 sit,
483 536 541 581 cur
559 512 719 600 implicari
739 536 808 579 non
831 512 949 581 debeat
970 512 1124 580 oneribus
1144 513 1306 601 paternis,
1328 513 1428 581 altera

267 636 309 680 ex
330 615 448 701 pupilli
471 636 673 701 persona,
691 614 792 681 altera
808 637 850 679 ex
871 614 973 701 ipsius
999 614 1220 681 commodo
1239 616 1425 701 repetenda.
1473 618 1478 627 ’

269 716 392 783 Vltima
418 715 559 801 denique
579 715 698 781 uerba:
770 714 870 793 „Sed
888 715 979 800 quod
999 716 1034 779 in
1060 716 1158 782 fratre
1180 716 1332 801 scripsit“
1356 727 1426 783 etc..

269 817 460 883 Marcum
481 815 659 883 sententiae
680 818 916 883 correctionem
937 817 976 882 ab
998 818 1161 885 Vnumne
1185 816 1328 882 additam
1351 840 1428 882 con-

267 919 381 984 tinent.
419 920 640 985 Mnaounuvs
671 918 758 984 enim
780 918 895 1005 procul
910 917 1017 995 ,dubio
1042 918 1083 984 de
1103 919 1200 987 fratre
1221 918 1341 1005 pupilli
1362 942 1428 996 eo·,

270 1020 648 1105 gitaucrat‚vn1>1mvs
666 1018 816 1085 modeste
835 1018 985 1096 adnotat,
1004 1021 1045 1087 de
1065 1020 1226 1087 testatoris
1248 1020 1312 1087 hoc
1336 1020 1429 1087 fratre
1517 1074 1518 1085 ,

269 1121 375 1187 uideri
390 1121 642 1208 intelligendum
663 1143 754 1198 esse,
778 1120 869 1185 euius
892 1117 1058 1206 opinionis
1079 1122 1161 1187 ratio
1183 1122 1217 1185 in
1242 1143 1280 1187 eo
1303 1122 1430 1187 uidetur

269 1222 466 1301 consistere,
512 1222 602 1308 quod
644 1222 848 1287 necessarius
893 1220 994 1307 patris
1039 1219 1134 1286 heres
1177 1223 1275 1287 etiam
1314 1223 1429 1309 pupilli

267 1326 417 1408 est‚¹¹⁰)
445 1324 567 1409 itaque,
597 1324 675 1409 quia
691 1324 765 1409 ipso
786 1321 856 1387 iure
884 1321 1030 1387 ualidum
1052 1330 1160 1388 manet
1189 1332 1429 1399 testamentum,

267 1434 443 1509 postquam
453 1424 598 1511 pupillus
619 1424 785 1501 abstinuit,
807 1422 873 1489 diei
893 1424 1015 1508 nequit,
1034 1444 1178 1508 unquam
1199 1423 1331 1490 fratrem
1353 1424 1429 1489 sub-

268 1523 413 1589 stitutum
434 1525 474 1591 ab
503 1527 654 1593 intestato
680 1526 721 1591 ad
747 1524 959 1591 hereditatem
980 1523 1098 1611 pupilli
1118 1546 1217 1609 posse
1238 1526 1428 1611 peruenire.
1518 1559 1519 1589 t

269 1622 321 1689 ct.
343 1626 560 1693 Hvsoflmvs
580 1652 613 1714 p.
636 1628 716 1694 103..
1192 1627 1198 1637 ’

372 1742 426 1807 Ex
447 1754 515 1811 tota
532 1745 651 1831 igitur,
679 1766 777 1829 quam
798 1744 967 1830 hucusque
988 1743 1193 1831 peregimus,
1225 1745 1430 1830 expositione

267 1841 302 1905 in
322 1865 419 1909 usum
449 1844 649 1930 quaestionis
677 1856 826 1922 nostrae,
866 1840 1024 1930 quatenus
1059 1846 1088 1911 si
1118 1845 1309 1911 abstinuerit
1339 1846 1431 1913 heres

268 1943 322 2009 uel
352 1947 591 2031 repudiauerit‚
630 1946 793 2011 substituti
828 1946 1062 2032 impediantur,
1103 1946 1276 2031 quominus
1314 1948 1430 2035 pupilli

268 2045 483 2115 hereditatem
506 2048 642 2127 adeant,
664 2047 745 2113 haec
768 2047 931 2113 eruimus:

377 2172 425 2248 1⁰,
446 2172 632 2238 Extraneus
669 2170 882 2248 substitutus,
924 2178 1117 2235 testamento
1153 2191 1221 2234 non
1256 2170 1430 2251 institutus,

269 2269 334 2334 nisi
360 2269 547 2337 destitutum
575 2271 672 2338 fuerit
701 2280 937 2347 testamentum,
961 2268 1138 2356 impuberis
1173 2268 1387 2337 hereditatem
1413 2298 1431 2339 a

268 2380 405 2456 patema
432 2383 615 2459 separatam
640 2374 760 2460 poterit
789 2371 957 2459 amplecti,
985 2370 1026 2435 L.
1049 2372 1099 2439 42.
1121 2370 1186 2437 cit..
1231 2372 1431 2439 Destituium

267 2494 346 2537 uero
378 2471 474 2538 etiam
500 2475 563 2541 hoc
594 2498 672 2541 casu
698 2498 766 2539 non
791 2484 839 2540 est
865 2484 1113 2550 testamentum,
1141 2473 1169 2537 si
1191 2474 1356 2561 pupillus,
1377 2477 1429 2562 qui
1520 2546 1521 2553 χ

268 2573 476 2640 substitutum
495 2575 653 2654 habebat,
676 2578 768 2662 isque
791 2598 832 2642 ex
852 2598 925 2640 asse
944 2574 1107 2640 institutus
1129 2576 1330 2642 abstinuerit.
1343 2582 1410 2659 ¹¹¹)
1520 2568 1521 2635 J

372 2698 423 2773 2⁰,
442 2696 627 2762 Extraneus
647 2707 838 2761 testamento
861 2705 893 2761 et
912 2693 1074 2759 institutus
1097 2704 1129 2761 et
1144 2694 1341 2761 exheredato
1363 2695 1428 2760 filio
1459 2750 1462 2755 .

267 2796 479 2875 substitutus,
509 2798 537 2862 si
562 2819 603 2862 ex
624 2821 696 2864 asse
713 2795 952 2883 repudiauerit,
980 2820 1048 2863 non
1068 2806 1197 2883 potest,
1227 2796 1255 2861 si
1277 2819 1317 2863 ex
1341 2808 1431 2884 parte

287 3005 486 3019 Ἣ

304 3146 369 3212 ¹¹⁰)
390 3148 432 3199 cf.
451 3151 485 3201 L.
503 3145 529 3199 2.
549 3144 574 3211 §-
588 3146 622 3206 1.,
642 3147 673 3197 L
696 3143 738 3198 tu.
757 3147 780 3209 ς.
801 3144 824 3197 1.
875 3144 984 3211 quidem
1005 3143 1164 3195 destitutum
1181 3143 1211 3193 fit
1228 3148 1430 3209 testamentum,

265 3241 300 3290 de
318 3242 392 3303 unlg.
412 3246 440 3288 et
459 3254 533 3303 pup..
552 3238 593 3289 cf.
614 3238 695 3288 etiem
712 3240 743 3289 L.
755 3236 778 3289 l.
798 3236 823 3304 ξ.
874 3238 927 3288 nisi
946 3237 1017 3287 sorte
1041 3237 1114 3287 adsit
1138 3236 1301 3289 sauhtitutus
1320 3240 1428 3303 repudi·

266 3331 292 3383 7.
314 3332 418 3395 siquis
440 3346 502 3380 om..
873 3328 953 3390 antis,
979 3328 1025 3393 qui
1049 3330 1138 3391 adeat,
1158 3334 1186 3377 et
1203 3329 1345 3393 pupillaris
1367 3332 1428 3381 sub·

305 3420 375 3488 ¹¹¹)
394 3424 437 3472 De
457 3420 645 3485 repudiatione
666 3427 693 3469 et
711 3422 820 3471 absten-
872 3420 975 3471 stitutio
993 3419 1145 3483 perimitur:
1169 3420 1343 3473 abstentione
1362 3439 1427 3473 uero

263 3514 356 3576 tione,
399 3519 430 3562 nt
474 3527 544 3561 uoce
586 3518 647 3562 utar
685 3515 823 3564 ueteribus
876 3512 917 3563 sui
935 3512 1120 3562 intercedente
1147 3512 1225 3576 ipsc
1249 3512 1325 3564 inre
1345 3522 1427 3565 testa-

263 3607 366 3668 ignota‚
386 3604 822 3667 breuiterlioeatanimaduertere,
874 3611 995 3655 mentum
1030 3604 1113 3665 ualet,
1149 3610 1176 3652 et
1205 3618 1273 3667 qnae
1300 3606 1330 3657 in
1348 3622 1428 3658 nsum

266 3699 342 3762 quod
376 3696 405 3747 in
440 3697 499 3747 iure
518 3696 688 3748 Instinienec
724 3710 821 3759 reapse
872 3698 944 3747 tertii
961 3698 1069 3748 fuerant
1102 3696 1258 3759 constituta,
1297 3700 1354 3749 nim
1381 3702 1426 3749 ha·

264 3795 379 3854 utraque
398 3803 457 3840 non
473 3789 589 3839 habetur
618 3789 670 3839 nisi
694 3788 820 3839 liberatio
872 3787 936 3837 bere
955 3796 1086 3853 pergant,
1117 3788 1182 3839 dum
1211 3802 1297 3840 onera
1314 3796 1426 3854 tantum,

265 3883 300 3931 ab
318 3882 446 3932 oneribus
466 3880 645 3943 hereditatis,
675 3894 733 3931 non
750 3894 819 3929 nem
872 3880 968 3945 quibus
985 3894 1100 3945 pressus
1118 3881 1208 3931 luerat
1225 3896 1309 3945 suns,
1335 3883 1426 3933 remit·

263 3979 395 4037 paternae
414 3974 565 4024 uoluntatis
591 3971 758 4037 oppugnatio
778 3978 818 4021 at·
872 3978 974 4023 tuntnr.
1030 3973 1073 4024 Ol.
1108 3975 1238 4026 Vmerus
1274 3972 1424 4025 Osnorrvs

265 4079 318 4129 que
336 4064 444 4129 illusio,
480 4066 609 4130 quamdiu
638 4064 741 4115 scilicet
762 4078 820 4113 non
869 4062 928 4115 Lib.
964 4064 1002 4115 11.
1039 4081 1062 4116 e.
1099 4064 1142 4122 22.
1183 4082 1210 4130 p.
1248 4063 1307 4117 ⁶35.
1345 4066 1363 4115 i.
1399 4065 1425 4128 1.,

262 4164 348 4209 totam
378 4158 439 4209 ferit
462 4158 640 4207 hereditatem
666 4163 818 4220 paternam.
869 4156 1055 4211 Lusrnrarrs
1083 4172 1110 4223 p.
1148 4154 1210 4219 82,
1253 4158 1423 4209 Hvscnxrrs

263 4249 345 4313 Quod
375 4251 398 4301 si
425 4250 526 4301 lactum
556 4252 598 4315 sit,
627 4248 816 4312 repudiatione
868 4262 895 4312 p.
915 4247 966 4303 92..
