3067 5117
1233 395 1297 465 237
1338 452 1344 473 .

138 551 196 638 siis
216 550 336 639 petitor
357 560 389 616 et
406 571 579 638 possessor
599 571 728 637 semper
746 547 832 614 inter
851 570 887 614 se
909 545 1053 634 oppositi
1073 553 1166 623 sunt,
1191 544 1237 610 ita
1259 552 1296 610 ut

138 651 227 720 idem
249 663 417 738 utramque
440 675 614 739 personam
634 660 776 736 nequeat
794 649 964 716 sustinere.

244 755 318 818 Huc
341 753 416 820 lecit
436 755 467 836 §-
490 756 519 820 2.
540 754 567 817 Ι.
589 753 629 817 de
651 763 730 816 act:

219 853 326 931 „Nam
345 854 379 918 in
403 852 452 918 his
477 855 558 940 agit,
582 852 726 939 quinon
748 851 915 939 possidet,
936 852 967 917 ei
987 874 1086 927 uero,
1106 851 1163 936 qui
1183 852 1293 939 possi-

220 954 289 1032 det,
319 977 387 1020 non
418 967 466 1021 est
499 955 583 1022 actio
616 951 762 1038 prodita,
796 975 856 1039 per
888 976 985 1037 quam
1005 963 1104 1039 neget
1122 977 1191 1018 rem
1213 955 1293 1020 alte-

218 1056 286 1120 rius
309 1065 416 1132 esse‚“

140 1159 217 1224 item
240 1159 271 1242 §-
292 1160 321 1224 4.
344 1158 370 1222 Ι.
393 1158 434 1223 de
457 1157 593 1223 interd:

219 1296 290 1338 „-
313 1282 412 1344 quum
442 1259 481 1326 ab
515 1269 651 1344 utreque
682 1268 773 1346 parte
797 1257 837 1322 de
860 1257 1056 1342 proprietate
1080 1256 1216 1324 alicuius
1245 1258 1293 1324 rci

218 1361 443 1426 controuersia
476 1361 521 1426 fit.
572 1361 722 1445 Namque
759 1359 824 1424 nisi
854 1369 928 1424 ante
955 1359 1157 1445 exploratum
1186 1359 1293 1436 luerit,

216 1463 318 1527 utrius
340 1484 451 1527 eorum
471 1462 638 1548 possessio
664 1461 715 1538 sit,
749 1483 816 1525 non
835 1469 944 1544 potest
964 1460 1117 1546 petitoria
1136 1461 1220 1526 actio
1240 1461 1293 1524 in·

217 1563 323 1640 stitui,
357 1562 434 1646 quia
465 1572 496 1628 et
532 1562 637 1627 ciuilis
661 1575 693 1627 et
714 1561 870 1627 naturalis
897 1561 979 1627 ratio
1009 1562 1104 1637 lacit,
1142 1571 1178 1625 ut
1210 1560 1292 1628 alius

216 1662 402 1750 possideat,
425 1664 506 1729 alius
529 1688 549 1729 a
569 1663 757 1750 possidente
781 1670 903 1751 petat.“

133 1766 296 1852 Regulam
314 1762 364 1828 his
383 1763 483 1828 multo
506 1763 806 1830 latioremcxhibet
824 1764 866 1828 L.
888 1762 939 1830 62.
961 1762 1002 1828 de
1022 1762 1122 1830 indic.
1142 1765 1201 1848 (V,
1211 1765 1270 1849 l.]:

215 1868 325 1945 „Inter
344 1865 509 1951 litigantes
530 1889 598 1931 uon
621 1865 772 1932 aliter-lis
794 1862 941 1950 expediri
970 1873 1096 1948 potest,
1118 1887 1229 1950 »quam
1261 1864 1290 1930 si

215 1968 296 2034 alter
315 1967 453 2053 petitor,
484 1966 563 2032 alter
585 1987 758 2052 possessor
779 1965 836 2030 sit:
867 1986 940 2029 esse
968 1964 1056 2029 enim
1086 1964 1200 2040 debet,
1234 1966 1291 2049 qui

213 2091 314 2135 onera
333 2066 481 2152 petitoris
514 2068 688 2145 sustineat,
726 2077 758 2132 et
795 2065 851 2151 qui
882 2065 1056 2130 commodo
1087 2067 1290 2152 possessoris

150 2205 153 2210 ,
213 2169 368 2234 fruatur.“

131 2271 201 2338 Sed
236 2271 343 2356 ipsum
376 2269 439 2336 hoc
476 2269 692 2356 fragmentum
727 2293 795 2335 non
825 2280 890 2335 tam
916 2280 1070 2348 testatur,
1105 2271 1140 2336 in
1174 2273 1297 2358 queuis

133 2395 250 2438 caussa
270 2371 407 2438 alterum
428 2392 500 2436 esse
522 2371 641 2438 debere
675 2372 865 2458 petitorem,
897 2368 1034 2435 alterum
1063 2393 1291 2458 possessorem

133 2495 194 2550 eo,
218 2496 314 2558 quam
338 2471 568 2557 descripsimus
592 2496 708 2550 sensu,
737 2473 796 2538 sed
823 2470 932 2558 potius
960 2495 979 2535 a
1000 2470 1047 2534 rei
1068 2473 1290 2542 uindicatione

132 2574 175 2638 ad
207 2573 286 2640 alias
323 2573 564 2639 controuersias
593 2573 675 2639 haec
706 2574 808 2639 uerba
836 2572 993 2639 translata
1013 2593 1086 2638 esse
1109 2574 1289 2654 confirmat,

129 2673 176 2738 ita
211 2686 247 2739 ut
283 2675 461 2760 improprie
491 2697 551 2759 pro
581 2685 688 2760 actore
710 2685 742 2740 et
763 2697 821 2739 reo
842 2674 1049 2750 usuueniant,
1073 2675 1179 2757 (M.
1201 2677 1233 2760 §.
1257 2679 1287 2745 2.

135 2775 164 2840 si
185 2778 298 2862 seru).

233 2879 325 2944 Alias
347 2877 435 2944 enim
457 2899 592 2962 prorsus
618 2899 776 2963 peruersa
797 2899 837 2942 ex
857 2878 900 2941 L.
921 2877 974 2942 cit.
997 2889 1107 2943 essent
1127 2890 1288 2946 secutura.

131 2979 232 3062 Quod
254 2981 341 3045 enim
362 2979 427 3044 iam
449 3001 548 3064 supra
570 2977 884 3055 demonstrauimus,
921 2978 956 3041 in
978 2977 1108 3044 actione
1139 2992 1171 3045 et
1207 3004 1288 3047 con-

128 3079 268 3145 fessoris
289 3091 321 3145 et
341 3079 511 3165 negatoria
532 3101 630 3164 agere
651 3101 751 3166 posse
773 3079 869 3144 etiam
891 3103 976 3156 eum,
1000 3081 1056 3165 qui
1077 3080 1119 3145 sit
1139 3082 1174 3146 in
1195 3084 1289 3167 quasi

127 3181 359 3266 possessione,
380 3201 490 3246 rursus
511 3178 666 3245 hocloco
687 3180 887 3245 monendum
904 3190 963 3244 est.
1003 3183 1053 3246 Ne
1072 3192 1180 3247 tamen
1203 3183 1289 3248 dieta

128 3280 298 3348 uideamur
318 3293 465 3369 repetere
487 3281 591 3346 solam
610 3282 652 3346 L.
674 3281 705 3348 6.
729 3282 758 3366 3.
784 3284 811 3347 l.
834 3281 862 3346 si
884 3305 970 3347 seru.
999 3282 1228 3366 producimusz

209 3384 422 3462 „Sciendum
448 3395 575 3460 tamen,
608 3384 642 3448 in
664 3382 715 3447 his
738 3383 945 3448 seruitutibus
965 3406 1193 3470 possessorem
1215 3407 1287 3450 esse

193 3499 284 3550 'eum
304 3485 382 3550 iuris
405 3494 437 3550 et
458 3485 662 3570 petitorem,“

132 3607 197 3671 qua
216 3584 344 3650 disertis
365 3585 473 3651 uerbis
496 3585 703 3670 exprimitur,
737 3585 878 3651 eundem
909 3599 940 3652 et
959 3587 1149 3672 petitorem,
1184 3585 1219 3650 id
1239 3596 1287 3653 est

130 3693 272 3751 actorem
294 3708 365 3752 esse
387 3709 507 3773 posse,
529 3698 560 3751 et
580 3709 807 3771 possessorem
829 3687 930 3766 iuris,
967 3689 1001 3753 id
1025 3699 1073 3755 est
1093 3687 1127 3751 in
1149 3710 1286 3774 posses-

128 3786 222 3852 sione
244 3787 333 3852 iuris.
377 3785 428 3852 Cf.
449 3789 490 3852 L.
513 3789 543 3854 5.
564 3788 596 3871 ἓ.
617 3790 647 3854 7.
671 3786 699 3850 si
717 3786 807 3851 uslr..
1028 3787 1032 3794 ’

233 3889 409 3970 Quaeritur
432 3889 559 3974 itaque,
595 3887 760 3973 quomodo
782 3887 864 3955 haee
883 3891 1105 3956 consocianda
1124 3890 1190 3954 sint
1210 3910 1284 3955 cum

126 3990 158 4074 §.
178 3992 208 4058 2.
229 3990 256 4054 Ι.
279 3989 319 4055 de
339 4000 399 4055 act.
428 3999 460 4054 ct
486 3992 517 4073 §.
538 3991 569 4056 4.
600 3991 625 4053 Ι.
654 3989 695 4054 de
717 3990 775 4054 int.
805 4001 837 4056 et
857 4013 974 4058 reuera
994 4015 1047 4056 res
1069 3991 1161 4056 aliter
1183 4014 1283 4078 expe-

127 4089 191 4154 diri
210 4112 277 4154 non
297 4112 396 4176 posse
417 4090 565 4168 uidetur,
604 4113 701 4175 quam
721 4091 782 4167 ita,
808 4101 844 4156 ut
867 4093 1107 4158 distinctionem
1125 4091 1281 4159 faciamus

123 4191 209 4256 inter
230 4192 468 4258 controuersias
490 4215 598 4259 rerum
626 4191 846 4276 corporalium
864 4203 896 4258 et
915 4192 1170 4281 incorporalium
1192 4205 1225 4260 et
1247 4194 1281 4258 in

125 4292 349 4380 corporalibus
372 4293 504 4378 quidem
523 4316 597 4359 eum
619 4315 654 4358 re
680 4316 759 4360 uera
779 4318 839 4382 pro
869 4317 1062 4382 possessore
1082 4294 1280 4374 habeamus,
