3067 5117
1239 386 1277 454 11

197 540 333 607 exsistat
354 549 388 606 et
410 540 483 607 uice
497 560 604 607 uersa.
619 541 650 624 ⁸)
671 539 713 605 L.
721 539 768 607 to.
781 540 814 625 S.
821 540 852 608 2.
860 538 935 606 eod.
950 538 993 605 L.
1007 540 1058 617 59,
1073 540 1117 606 de
1137 561 1209 625 aeq.
1222 538 1277 607 uel

195 664 261 707 om.
272 642 424 719 (XXIX,
433 644 466 728 2)
483 642 524 706 L.
543 641 593 711 20.
617 637 658 705 C.
680 638 721 704 de
741 636 811 703 iure
836 638 934 705 delib.
954 642 1030 725 (VI,
1051 642 1130 727 30.):

154 746 207 823 2⁰,
229 754 266 810 ut
287 760 381 831 pater
408 742 477 811 filio
511 750 738 809 testamentum
766 740 873 840 facere
899 753 1058 829 nequeat,
1077 743 1142 809 nisi
1163 754 1195 809 et
1214 744 1277 811 sibi

193 845 327 925 lecerit,
344 847 386 912 L.
407 848 437 913 2.
458 846 489 932 S.
509 846 540 913 4.
562 845 603 911 L.
625 842 675 911 20.
698 864 747 928 pr.
769 841 811 909 de
833 844 924 932 uulg.
945 856 977 911 et
996 869 1094 933 pup.,
1112 846 1277 933 (praeter-

198 948 344 1035 quamsi
365 948 458 1014 miles
480 948 538 1026 sit,
561 947 604 1013 L.
624 946 675 1013 41.
697 944 730 1029 S.
751 946 782 1013 5.
810 946 851 1011 de
880 958 953 1013 test.
973 948 1075 1033 mit.):

155 1052 209 1129 3⁰,
232 1061 268 1117 ut
288 1050 493 1117 necessarius
513 1048 613 1136 petris
637 1046 733 1113 heres
754 1058 786 1113 et
805 1048 923 1135 pupilli
943 1050 993 1115 sit.
1028 1051 1070 1118 L.
1085 1053 1116 1121 2.
1138 1053 1170 1137 §0
1180 1054 1212 1121 4.
1234 1053 1275 1119 L.

198 1153 247 1221 10.
269 1153 301 1238 S.
324 1154 352 1220 1.
373 1152 447 1219 eod.
467 1151 510 1218 L.
530 1152 581 1219 42.
607 1149 648 1215 de
670 1171 741 1234 aeq.
765 1147 818 1214 uel
848 1172 937 1216 om..

221 1252 290 1323 Sed
311 1253 453 1341 quoad
473 1277 558 1320 rem
576 1249 834 1319 familiarem
852 1251 969 1319 divisio
992 1265 1043 1318 est
1064 1256 1275 1336 admittenda,

113 1358 161 1423 ita
185 1356 275 1422 utin
296 1356 451 1423 oneribus
471 1354 676 1423 hereditariis
697 1353 902 1441 praestandis
930 1378 998 1421 nou
1018 1355 1061 1421 ad
1081 1379 1178 1424 omne
1197 1359 1274 1425 reli-

113 1470 202 1525 etum
222 1459 431 1547 respiciatur,
451 1458 510 1525 sed
527 1468 664 1544 utraque
686 1476 762 1541 pars
775 1456 942 1542 propriam
958 1455 1091 1537 inducat
1102 1459 1274 1539 rationem.

115 1562 170 1646 (L.
191 1562 240 1629 11.
260 1562 293 1645 §-
313 1562 344 1629 5.
364 1561 406 1626 L.
426 1560 477 1627 72.
499 1558 541 1626 ad
561 1557 647 1646 Leg.
668 1557 789 1643 Fata).

217 1661 316 1730 Vnde
337 1660 521 1749 colligitur,
545 1659 622 1727 dum
641 1671 738 1729 antea
758 1658 876 1747 pupilli
896 1659 984 1727 bona
1002 1672 1157 1749 paternae
1177 1664 1273 1732 here-

113 1764 204 1831 ditati
226 1785 413 1831 accrescere
432 1761 505 1828 uisa
525 1760 604 1840 sint,
627 1784 713 1827 nune
733 1760 806 1827 uice
828 1785 926 1829 uersa
952 1764 1054 1850 patris
1082 1765 1172 1832 bona
1199 1790 1274 1833 cum

115 1865 271 1933 oneribus
290 1862 451 1953 impositis
474 1862 516 1929 ad
543 1862 662 1951 pupilli
695 1862 939 1949 quodammodo
967 1866 1124 1934 accedere
1157 1868 1273 1956 putari,

115 1969 203 2057 quod
212 1968 308 2056 quale
323 1968 374 2045 sit,
387 1966 504 2033 clarius
520 1989 561 2033 ex
572 1964 784 2052 sequentibus
797 1966 967 2053 apparebit
975 1969 1030 2048 (cf.
1041 1991 1113 2055 cap.
1120 1968 1163 2035 Π.
1174 1971 1272 2058 §.4.).

218 2072 264 2137 Et
283 2067 334 2137 his
356 2068 465 2156 itaque
483 2065 672 2156 praemissis
691 2089 761 2133 rem
783 2067 890 2155 ipsam
908 2070 1155 2157 aggrediamur!

119 2258 318 2271 nnn-——n-n

150 2379 176 2444 ι)
208 2380 292 2445 Quod
321 2380 551 2445 quemadmodum
569 2378 666 2429 mutari
713 2375 885 2439 abstinuerit,
908 2374 980 2431 intra
998 2382 1193 2447 perspiciemus
1213 2398 1272 2448 cap.

113 2475 213 2537 possit,
242 2473 266 2525 ri
296 2474 376 2524 heres
405 2470 589 2539 repudiauerit
617 2471 664 2521 uel
712 2467 891 2537 III.§.10..
