3067 5117
289 384 348 453 tta

368 532 461 613 „Sed
484 556 526 599 an
555 531 717 619 impuberi
744 542 916 619 arrogator
942 532 1136 601 substituere
1157 530 1281 617 possit,
1316 532 1444 616 quaeri-

371 648 432 702 tur.
472 636 518 699 Et
542 646 621 721 puto
648 642 717 699 no'n
744 635 869 701 admitti
898 634 1178 709 substitutionem,
1212 632 1276 697 nisi
1301 632 1385 700 forte
1407 634 1446 699 ad

369 746 517 823 quartam
538 736 659 811 solam,
672 738 744 819 111)
773 759 870 821 quam
892 758 933 803 ex
953 736 1050 801 bonis
1072 736 1143 800 eius
1164 734 1407 818 consequitur.“

393 839 448 904 De
476 838 637 905 sententia
663 838 831 922 utriusque
859 838 925 905 loai
953 860 1021 903 non
1048 847 1114 915 est,
1152 835 1241 921 quod
1278 834 1445 912 addamus,

292 942 356 1007 nisi
385 938 475 1026 quod
500 938 706 1005 statuendum
739 948 807 1017 est,
847 962 903 1018 ea,
936 962 1020 1025 quaa
1051 935 1211 1003 beneficio
1250 937 1447 1021 arrogatoris

291 1042 449 1127 aequisita
470 1062 543 1107 esse
562 1040 752 1117 uideantur,
773 1040 905 1107 arbitrio
929 1062 1001 1107 esse
1024 1036 1221 1107 definienda.

395 1144 510 1227 Itaque
535 1140 627 1206 nulla
653 1151 703 1207 est
722 1141 913 1219 difficultas,
941 1150 1169 1227 praeterquam
1189 1136 1278 1221 quod
1298 1136 1381 1203 haee
1401 1138 1448 1203 le·

292 1268 372 1331 gum
396 1242 519 1309 decisio
549 1242 685 1327 regulae
717 1242 863 1330 generali
892 1242 1083 1319 „nominem
1105 1260 1165 1326 pro
1188 1245 1278 1323 parte
1301 1247 1450 1303 testatum

292 1369 353 1433 pro
374 1354 466 1431 parte
483 1344 669 1409 intestatum
689 1342 870 1410 decedere‘
896 1342 1030 1427 obloqui
1050 1338 1209 1405 uideatur.

399 1444 469 1512 Sed
506 1444 630 1509 dudum
675 1469 695 1510 a
736 1444 910 1519 Cvracto,
950 1440 1068 1527 Papin.
1111 1462 1143 1525 p.
1175 1440 1246 1505 771.
1295 1439 1450 1505 obserua-

293 1559 360 1611 tum
405 1557 473 1622 est,
522 1545 611 1611 bona
650 1546 792 1631 arrogati
835 1566 902 1609 non
933 1554 998 1607 tam
1031 1543 1100 1606 iure
1134 1538 1331 1605 hereditario
1356 1564 1450 1625 quam

294 1647 378 1713 aeris
408 1645 507 1711 alieni
532 1647 634 1711 instar
659 1646 793 1711 utilibus
827 1644 1008 1713 actionibus
1031 1642 1071 1707 ab
1094 1641 1134 1705 iis
1156 1640 1310 1725 exposci,
1335 1642 1392 1726 qui
1412 1642 1451 1706 ad

292 1746 504 1813 hereditatem
531 1748 600 1813 eius
632 1770 700 1811 non
727 1747 812 1813 faeta
840 1746 1046 1831 arrogatione
1075 1740 1302 1829 peruenerint,
1343 1742 1451 1827 itaque

292 1872 358 1915 non
377 1847 564 1913 hereditatis
586 1848 743 1933 petitione
779 1848 838 1912 sed
868 1870 908 1911 ex
949 1844 1157 1932 stipulatione
1188 1852 1242 1907 aut
1270 1865 1350 1908 uere
1372 1844 1453 1908 laeta

294 1963 348 2017 aut
368 1948 593 2016 subintellecta
616 1950 688 2033 agi,
703 1954 774 2034 111)
798 1970 893 2033 quern
916 1948 1025 2034 ipsum
1045 1945 1085 2010 ad
1107 1945 1207 2009 finem
1228 1944 1336 2007 cautio
1359 1944 1416 2007 illa
1435 1968 1453 2008 a

292 2062 384 2139 patre
414 2060 603 2135 arrogatoro
623 2050 799 2115 heredibus
821 2050 882 2114 filii
903 2050 944 2114 de
965 2044 1143 2115 hereditate
1163 2042 1257 2109 reddi
1278 2045 1377 2110 solita
1398 2068 1452 2110 err·

292 2152 441 2239 igebatur
461 2152 503 2214 1..
519 2150 569 2217 40.
591 2149 633 2215 de
652 2150 743 2236 uulg.
765 2162 797 2215 et
817 2172 906 2236 pup..
919 2151 993 2234 ¹⁸⁵)

398 2251 589 2318 Aretissime
609 2250 686 2316 huia
707 2250 892 2336 quaestioni
921 2274 960 2317 ea
982 2260 1031 2319 est
1052 2268 1217 2321 connexa,
1245 2256 1372 2324 utrum,
1401 2246 1454 2331 qui

294 2379 315 2419 a
343 2364 436 2439 patre
461 2353 604 2437 arrogati
633 2352 771 2418 naturali
804 2350 1007 2437 pupillariter
1039 2349 1115 2415 huie
1147 2346 1310 2413 substituti
1353 2358 1453 2424 erant,

296 2455 385 2521 bona
405 2454 548 2539 arrogati
566 2454 624 2521 illa
644 2476 823 2539 exposcere
845 2452 990 2540 possint,
1014 2476 1055 2517 an
1076 2449 1246 2537 pupillaris
1268 2448 1453 2515 substitutio

295 2556 501 2641 arrogatione
538 2546 754 2641 extinguatur}
817 2556 861 2619 Et
891 2553 1000 2618 uerius
1031 2564 1096 2630 est,
1137 2551 1179 2617 tle
1206 2551 1277 2617 iure
1297 2551 1454 2636 extingui.

292 2659 335 2721 L.
359 2659 405 2725 17.
426 2658 458 2739 §-
484 2660 510 2725 l.
535 2656 576 2721 de
598 2656 708 2741 adopt.
732 2656 777 2737 tl,
799 2656 863 2739 7.):

376 2760 523 2834 „Eorum
551 2757 718 2822 dumtaxat
746 2756 947 2843 pupillorum
978 2758 1141 2843 arrogatis
1168 2752 1388 2841 permittenda
1409 2764 1455 2819 est

375 2859 437 2936 lris,
460 2860 517 2943 qui
536 2859 590 2924 uel
608 2858 746 2926 naturali
770 2859 966 2944 cognatione
987 2858 1040 2923 uel
1056 2858 1261 2925 sanctissima
1281 2854 1456 2922 affectione

375 2962 463 3026 duoti
484 2959 693 3045 adoptarent,
717 2972 899 3025 ceterorum
920 2958 1139 3045 prohibenda,
1162 2980 1203 3023 ne
1225 2964 1312 3021 esset
1335 2956 1371 3020 in
1394 2977 1453 3039 po·

374 3073 489 3129 testate
506 3073 649 3128 tutorum
669 3073 702 3128 et
727 3061 821 3127 finire
844 3060 976 3125 tutelam
998 3071 1030 3125 et
1050 3058 1313 3135 substitutionem
1347 3082 1368 3125 a
1398 3081 1454 3143 pa-

372 3175 464 3229 rente
484 3164 603 3229 laetam
622 3164 846 3249 extinguere.“
910 3224 914 3231 .

398 3266 452 3331 De
472 3266 558 3330 laeto
579 3276 686 3329 tamen
705 3264 750 3329 ita
772 3263 978 3327 substitutum
997 3263 1084 3331 bona
1106 3264 1207 3351 patris
1230 3262 1374 3351 arrogati
1397 3286 1454 3327 na·

294 3366 406 3454 taralis
427 3365 591 3451 accepisse
612 3365 790 3449 putandum
813 3374 872 3441 eat,
894 3376 929 3427 ut
949 3376 1076 3430 mortuo
1101 3376 1132 3431 et
1152 3376 1243 3451 patre
1264 3375 1454 3449 arrogatore

292 3481 325 3535 et
345 3466 471 3554 pupillo
495 3476 667 3550 arrogato,
696 3488 765 3531 non
788 3464 857 3529 eius
881 3464 920 3529 ab
942 3464 1093 3531 intestato
1116 3465 1253 3535 heredes
1273 3466 1308 3529 in
1331 3465 1454 3553 princi-

292 3654 491 3666 ...-..-----

329 3766 393 3833 111)
413 3770 494 3832 Quod
513 3772 660 3821 Vnrrauvs
680 3771 712 3819 1..
726 3768 766 3819 10.
786 3770 808 3831 ξ.
818 3768 843 3819 6.
894 3786 911 3819 a
927 3770 1045 3821 Cvracrr
1071 3771 1209 3821 sententia
1232 3772 1453 3826 Mvunnnnsnv·

287 3862 371 3913 uerba
392 3863 483 3911 addit:
502 3864 579 3925 „Ego
601 3864 681 3913 etiam
700 3860 843 3924 amplius‚“
895 3863 1059 3925 enarratio,
1081 3863 1146 3914 lieet
1166 3862 1226 3927 ipse
1245 3865 1325 3913 aliter
1346 3880 1376 3913 se
1399 3870 1452 3912 sta·

287 3968 357 4017 quae
379 3968 436 4002 non
456 3960 520 4003 sunt
541 3956 573 4003 1..
591 3952 634 4006 22.
654 3956 677 4016 ξ.
697 3955 720 4005 1.
749 3970 782 4003 eo
804 3955 844 4003 ni·
895 3959 971 4001 tuere
992 3955 1092 4002 credat.
1132 3954 1174 4003 Cf.
1193 3954 1256 4005 Vol.
1272 3956 1331 4005 XL.
1350 3952 1453 4018 ΜΗ..

287 4046 360 4107 titur,
379 4046 454 4109 quod
472 4045 527 4095 illio
553 4060 587 4094 ex
612 4047 741 4108 professo
762 4062 844 4113 quaa·
934 4040 999 4106 ¹³⁶)
1019 4046 1131 4095 Dahae
1150 4045 1277 4095 cautione
1299 4045 1453 4107 es.§.3.1.

287 4139 404 4187 ationem
435 4138 562 4186 sollerter
590 4144 704 4200 nectat,
734 4140 778 4188 hio
802 4154 844 4188 ea·
897 4136 931 4185 de
952 4137 1045 4200 adopt.
1074 4136 1187 4201 (1‚tt.),
1222 4134 1454 4189 1..18-20.ue

282 4229 339 4293 pita
357 4230 482 4291 attigisse
504 4230 570 4277 satis
591 4230 680 4279 habet.
894 4228 988 4291 adopt.
1008 4229 1039 4291 (l,
1061 4227 1105 4291 7.).

321 4313 388 4385 115)
406 4320 469 4371 Non
492 4321 606 4370 multum
632 4336 731 4371 reuera
752 4321 844 4370 differt
