3067 5117
1198 393 1262 459 2119

3 617 8 638 Ι
101 547 184 634 palia
212 547 356 635 arrogati
381 547 470 613 bona
498 545 763 626 admitterentur,
797 547 856 613 sed
885 546 1055 613 substituto
1084 544 1132 611 illi
1160 544 1256 609 utiles

99 649 239 713 actiones
261 648 303 714 ad
333 648 384 726 id,
407 648 441 713 in
462 648 552 733 quod
577 648 769 713 substitutus
798 658 877 725 erat,
898 646 1115 734 expetendum
1135 668 1254 711 couce-

99 750 257 826 derentur,
287 748 563 835 quemadmodum
591 749 664 834 ipsa
691 748 747 814 illa
768 750 870 835 patris
906 748 1102 835 arrogatoris
1135 746 1252 823 cautio,

98 872 254 935 personae
289 851 441 937 publicae
478 859 612 935 propter
638 848 900 915 incertitudinem
928 850 1058 917 heredis
1089 849 1159 915 dari
1196 870 1251 911 so-

12 957 17 974 '
97 951 249 1033 litam)
271 951 374 1017 uerba
392 949 595 1017 continebat:
641 950 724 1027 „ad
746 972 850 1034 quos
869 974 916 1017 ea
935 976 999 1017 res
1020 951 1251 1038 pertinet.“

95 1054 129 1118 1..
150 1055 199 1120 19.
221 1074 272 1139 pr.
292 1052 334 1118 de
355 1052 475 1138 adopt..
493 1054 563 1135 131)

192 1155 308 1221 Restat
325 1152 484 1237 quaestio,
507 1152 782 1237 quemadmodum
801 1154 854 1221 hio
874 1155 1063 1221 substitutus
1084 1156 1250 1225 Falcidiae

96 1256 225 1321 inducat
243 1252 413 1321 rationem.
455 1252 534 1317 Dici
555 1254 642 1319 enim
662 1265 788 1339 potest,
812 1279 911 1340 quum
931 1280 999 1323 non
1022 1266 1087 1321 tam
1110 1280 1151 1321 ex
1172 1259 1250 1323 sub-

95 1357 266 1434 stitutione,
289 1378 387 1439 quam
407 1353 540 1419 utilibus
562 1354 619 1419 ille
639 1355 822 1423 actionibus
844 1360 925 1425 haec
946 1359 1034 1427 bona
1054 1358 1250 1443 acquisierit,

95 1459 199 1545 legata
221 1456 261 1523 ab
282 1456 340 1521 illo
361 1454 475 1521 relicta
502 1456 643 1521 extincta
679 1479 778 1543 posse
816 1459 931 1524 uideri.
972 1459 1054 1527 ¹Sed
1090 1460 1163 1545 ipsa
1192 1460 1250 1525 illa

96 1558 195 1624 cautio
218 1556 353 1643 saepius
374 1567 552 1621 memorata
573 1556 670 1621 etiam
688 1557 750 1623 hac
766 1571 858 1644 parte
881 1560 1082 1625 libertatibus
1107 1571 1138 1625 et
1157 1561 1249 1646 lega-

94 1659 174 1724 tariis
200 1656 372 1742 prospicit,
396 1655 443 1735 (cl
454 1657 495 1721 L.
507 1658 554 1723 19.
567 1680 616 1743 pr.
627 1657 670 1722 de
691 1658 816 1745 adopt.)
829 1664 911 1741 ¹³⁹),
934 1672 965 1727 et
974 1660 1248 1747 quemadmodum

93 1760 220 1825 utilibus
242 1756 425 1823 actionibus
443 1756 516 1843 ipse
538 1759 729 1824 substitutus
749 1758 963 1827 hereditatem
985 1762 1086 1848 patris
1105 1764 1247 1847 arrogati

94 1860 243 1925 naturalis
264 1867 473 1943 assequatur,
495 1859 541 1923 ita
577 1860 675 1925 etiam
708 1861 873 1945 prioribus
896 1862 965 1929 eius
987 1862 1152 1949 legatariis
1180 1886 1247 1927 non

93 1973 150 2027 tam
169 1960 274 2046 legati
294 1960 449 2036 nomine,
484 1960 545 2025 sed
575 1960 669 2045 quasi
702 1984 744 2027 ex
763 1962 972 2047 stipulatione
993 1964 1096 2031 teneri
1117 1988 1191 2029 eum
1213 1967 1246 2029 in

93 2074 210 2129 tantum
244 2061 382 2138 scilicet,
417 2070 574 2145 quantum
602 2060 695 2125 salua
725 2075 839 2146 quarta
866 2076 1032 2149 praestare
1053 2066 1093 2131 iis
1115 2077 1246 2133 coactus
1311 2070 1312 2075 ’

94 2176 186 2242 esset,
209 2166 239 2229 si
271 2164 342 2249 ipse
369 2184 447 2227 uere
470 2172 505 2225 ut
527 2162 717 2228 substitutus
742 2164 954 2231 hereditatem
974 2168 1163 2253 accepisset,
1184 2194 1246 2255 pu-

93 2264 220 2331 tandum
242 2274 302 2329 est.
354 2261 509 2328 Ceterum
533 2285 747 2348 quaecunque
780 2289 879 2350 supra
899 2268 1108 2353 exposuimus
1131 2271 1246 2335 eodem

92 2368 185 2431 modo
206 2376 364 2433 euentura
394 2387 467 2431 esse
500 2364 657 2443 arbitror,
691 2366 964 2433 contributionem
983 2370 1174 2455 praesertim
1197 2372 1245 2437 le·

94 2477 239 2553 gatorum
261 2477 293 2533 et
313 2466 557 2553 stipulationem
579 2478 724 2551 „quanto
744 2468 917 2555 amplius.“

566 2769 767 2784 ———-

620 3018 652 3099 §-
681 3019 728 3083 13.

121 3176 210 3239 va
228 3176 507 3231 OBSERVANDVM
527 3177 607 3240 SIT,
631 3178 670 3229 SI
686 3178 875 3241 VTRISQVE
897 3180 1059 3233 TABVLIS
1078 3181 1210 3233 EADEM

456 3284 527 3335 RES
545 3283 701 3337 mutua
718 3286 865 3337 FVERIT.

186 3446 315 3533 Legata
336 3447 447 3533 primis
470 3447 589 3513 tabulis
609 3448 721 3515 relicta
741 3450 892 3517 secundis
917 3452 1010 3515 tacite
1034 3453 1171 3537 repetita
1191 3452 1241 3516 ui-

91 3546 155 3610 deri
174 3548 353 3615 Armorum
373 3561 405 3615 et
427 3550 562 3617 Savum
581 3550 738 3636 rescripto
762 3552 987 3617 confirmatum
1008 3564 1085 3618 erat.
1127 3554 1168 3618 L.
1190 3556 1240 3619 71.

5 3733 6 3752 ¹
91 3647 128 3712 de
146 3648 234 3736 legg.
256 3650 302 3715 L:

95 3840 289 3855 -··———

124 3952 191 4015 ¹³²)
219 3956 262 4007 cf.
287 3958 310 4019 5.
330 3954 355 4008 3.
380 3956 403 4008 Ι.
430 3957 464 4007 de
484 3957 587 4021 adopt,
609 3958 640 4008 1..
691 3974 743 4009 nae
761 3957 790 4008 in
812 3959 910 4009 horum
933 3961 1025 4010 locum
1043 3967 1241 4011 successerunt.

93 4043 129 4096 18.
147 4063 186 4111 pr.
208 4049 242 4098 de
261 4049 363 4113 adopt,
382 4048 428 4098 ulti
449 4050 522 4099 serui
541 4050 641 4113 publici
729 4047 798 4113 Ι38)
817 4050 1051 4101 (ll-Srursutstvs
1071 4051 1198 4115 psilon.
1208 4050 1241 4102 7..

89 4141 131 4188 nel
159 4140 247 4191 liberti
282 4140 383 4203 publici
414 4142 487 4192 hunc
507 4142 537 4191 in
560 4156 640 4191 usum
729 4138 799 4207 ¹⁸⁹)
836 4140 877 4191 Cf.
910 4141 1198 4195 Mvnnnnunnvoruvs
1216 4160 1242 4207 p.

91 4239 285 4294 proponuntur.
303 4234 334 4285 Ι..
354 4231 379 4283 3.
397 4232 429 4284 C.
448 4234 482 4282 de
500 4233 639 4283 tabulariis
691 4232 763 4295 lli„
783 4234 829 4297 qui
849 4238 1041 4283 controuersas
1060 4236 1093 4285 de
1112 4237 1163 4286 hac
1181 4236 1242 4297 lege

90 4328 116 4370 et
139 4324 232 4375 scribis
257 4326 304 4388 (X,
323 4323 378 4387 11.)
408 4325 510 4376 tibersa
543 4338 638 4389 perso·
690 4326 839 4377 senatibus
862 4324 1000 4388 expendit.
