3067 5117
292 418 354 486 1⁴4

391 580 464 645 act
524 572 664 674 ᾔτησά
713 580 784 657 σε,
834 567 944 642 aava
999 574 1052 663 μὴ
1107 573 1357 661 ἐκπέμπειν
1393 590 1435 641 σε

390 679 505 745 κατὰ
540 676 624 745 τῶν
666 674 782 764 ἐμῶν
814 676 1030 763 δωμάτων
1071 669 1091 763 ἢ
1132 677 1218 747 κατὰ
1251 673 1433 762 adripuit

387 777 674 866 monetaverit
708 778 949 863 declamari&
974 798 1034 855 etc.

288 895 525 962 Timornmvs
548 894 589 959 de
611 893 763 959 seruitute
786 892 941 959 stillicidii
961 891 1154 957 immittendi
1175 892 1321 969 locutus,
1342 890 1435 955 serui-

289 1008 390 1064 tutem
409 995 565 1063 stillicidii
585 993 752 1060 auertendi
776 994 810 1059 in
832 1014 871 1059 eo
895 992 991 1059 docet
1012 993 1211 1069 consistere,
1243 992 1271 1058 si
1298 992 1367 1078 quis
1386 1015 1435 1057 ro-

288 1100 415 1185 gauerit
436 1098 580 1165 uicinum
606 1096 656 1160 ius
679 1094 833 1161 stillicidii
861 1093 1052 1171 habentem,
1110 1117 1153 1160 ne
1175 1092 1340 1160 stillicidia
1365 1093 1437 1159 uelit

287 1198 467 1283 immittere.
496 1199 584 1263 Hinc
603 1196 825 1262 facilemfieri
846 1196 1076 1272 coniecturam,
1101 1194 1129 1260 si
1150 1191 1223 1280 quis
1243 1195 1435 1273 habeat-ius,

169 1292 172 1297 ’
234 1283 241 1297 ’
286 1292 328 1365 ne
355 1299 449 1365 altius
470 1298 562 1365 tollat
580 1297 718 1375 uicinus,
742 1308 774 1363 et
795 1296 961 1385 rogauerit
992 1295 1061 1374 hic,
1084 1319 1125 1362 ne
1147 1296 1285 1383 amplius
1307 1296 1435 1363 hocius

284 1399 412 1479 habeat,
435 1401 623 1467 seruitutem
634 1400 726 1467 nasci
748 1398 841 1464 altius
863 1397 1009 1475 tollendi,
1031 1408 1283 1484 proposuerunt.
1304 1399 1348 1463 At
1362 1418 1435 1462 uero

285 1523 337 1567 me
363 1501 471 1567 iudice
491 1504 636 1572 seruitus¹
651 1499 807 1565 stillicidii
829 1523 896 1565 non
916 1499 1109 1565 immittendi
1136 1509 1167 1564 et
1190 1499 1285 1565 altius
1305 1496 1435 1565 tollendi

286 1601 376 1667 nullo
400 1601 499 1667 modo
522 1613 662 1689 possunt
683 1603 875 1688 comparari.
924 1601 1057 1693 Siquis
1085 1600 1212 1667 Rornae
1241 1600 1435 1675 aedificabat,

285 1702 330 1767 ita
350 1713 385 1768 ut
404 1703 462 1768 toti
486 1726 566 1769 suae
589 1703 773 1790 superficiei
793 1703 893 1769 uellet
913 1711 1154 1790 superstruere,
1189 1724 1325 1768 necesse
1342 1700 1435 1766 habe·

284 1802 349 1879 bat,
370 1813 406 1868 ut
426 1805 456 1868 si
475 1827 552 1871 area
570 1805 671 1871 uicini
686 1805 781 1870 iuxta
800 1816 896 1882 esset,
917 1804 967 1869 ius
989 1803 1144 1877 stillicidii
1167 1804 1230 1869 sibi
1251 1803 1435 1889 acquireret,

283 1904 317 1968 id
335 1895 425 1990 qnod
445 1906 533 1991 apud
553 1928 615 1972 nas
634 1916 768 1992 propter
784 1906 834 1970 ius
849 1905 1042 1992 particulare
1064 1904 1098 1969 in
1119 1904 1170 1971 his
1184 1905 1282 1971 rebus
1303 1904 1435 1969 interce-

283 2004 364 2071 dens
390 2005 582 2094 plerumque
608 2006 701 2073 ahter
721 2029 757 2072 se
777 2005 884 2072 habet.
924 2006 1006 2073 Item
1028 2006 1055 2071 si
1075 2005 1165 2071 iuxta
1186 2006 1369 2072 aedificium
1387 2004 1433 2069 ui-

284 2108 349 2173 cini
378 2108 563 2174 aedificaret
593 2130 699 2193 neque
732 2106 914 2194 legitimum
942 2118 1125 2174 seruaretur
1154 2106 1312 2193 spatium,
1354 2103 1435 2191 quod

279 2210 476 2296 ,saepissime
496 2201 616 2275 factum
636 2196 719 2288 esse,
736 2209 833 2275 facile
858 2218 907 2274 cst
927 2208 1077 2295 probatu,
1098 2209 1252 2275 seruitute
1274 2207 1338 2273 ista
1357 2228 1433 2291 opus

284 2324 363 2377 erat.
413 2310 526 2376 Rebus
554 2321 661 2377 autem
690 2311 736 2376 ita
762 2332 835 2376 sese
860 2308 1055 2377 habentibus
1082 2309 1154 2376 fieri
1174 2309 1298 2397 potuit,
1330 2320 1366 2374 ut
1389 2308 1433 2373 ni-

285 2414 359 2478 cino
381 2412 490 2498 aliqua
511 2412 552 2479 de
575 2434 691 2478 caussa
716 2408 926 2477 incommoda
951 2411 1043 2477 fieret
1069 2411 1207 2477 seruitus
1232 2410 1290 2477 illa
1315 2411 1433 2496 pridem
1514 2432 1515 2439 ¹

284 2512 455 2601 imposita,
476 2511 528 2578 cui
548 2512 576 2578 si
598 2511 786 2579 subtrahere
807 2511 907 2579 uellet
928 2534 1036 2579 aream
1056 2535 1148 2579 suam
1168 2511 1222 2579 uel
1244 2512 1431 2587 aedificium,
1514 2510 1515 2526 ³

283 2616 444 2693 uicinum,
499 2637 541 2681 ne
578 2614 777 2681 stillicidium
816 2624 969 2701 pergeret
1007 2614 1196 2694 immittere,
1235 2637 1355 2703 rogare
1380 2613 1433 2677 de-

269 2716 391 2782 bebat.
454 2716 559 2799 (Haec
609 2715 677 2781 fere
721 2715 824 2781 uerba
874 2725 950 2781 sunt
998 2715 1205 2783 THEOPHILI
1257 2715 1326 2797 cit.)
1394 2714 1433 2778 Et

282 2818 317 2884 in
367 2817 431 2884 hoc
481 2816 626 2883 subsistit
671 2817 952 2895 VANGEROV1VS‚
998 2816 1075 2882 dum
1117 2818 1162 2883 ita
1202 2826 1251 2883 est
1297 2838 1431 2903 pergen·
1513 2868 1514 2909 3

283 2920 380 2989 dum:
444 2921 555 3005 Quum
594 2940 673 2983 uero
713 2917 853 2984 liberum
894 2942 962 2984 non
994 2919 1035 2983 sit
1076 2918 1198 2998 uicino,
1241 2919 1294 2985 cui
1336 2918 1431 2984 serui·

282 3031 334 3086 tus
362 3019 515 3100 debetur,
545 3044 605 3086 sua
629 3020 797 3088 uoluntate
829 3020 883 3086 uel
911 3031 1006 3107 pacto
1035 3020 1226 3106 simpliciter
1261 3023 1430 3089 constituto

283 3122 482 3187 stillicidium
503 3134 668 3200 auertere,
697 3122 787 3208 quod
808 3121 895 3189 cadit
916 3122 950 3187 in
970 3121 1095 3188 uicinas
1118 3122 1216 3189 aedes
1238 3125 1292 3191 uel
1315 3146 1428 3200 aream,

282 3224 360 3308 quia
380 3223 455 3289 fons
476 3234 507 3289 et
527 3224 620 3309 origo
644 3222 800 3289 stillicidii
831 3224 915 3290 coeli
944 3234 1019 3289 sunt
1047 3233 1154 3289 motus
1164 3273 1180 3315 ,1
1202 3226 1365 3311 sequitur,
1400 3234 1430 3287 ut
1512 3274 1513 3289 ,

281 3325 353 3389 fieri
374 3323 498 3409 aliquid
518 3324 651 3401 debeat,
673 3323 760 3390 unde
780 3325 1047 3411 impedimentum
1068 3325 1239 3390 obiiciatur
1260 3326 1428 3392 stillicidio.

280 3426 394 3511 ltaque
416 3449 457 3491 ex
477 3448 551 3491 mea
572 3425 752 3504 sententia,
777 3426 805 3489 si
826 3425 977 3491 dominus
999 3424 1137 3491 aedificii
1169 3436 1264 3492 antea
1288 3428 1428 3493 seruien-

281 3527 327 3593 tis·
344 3528 395 3591 ius
413 3527 580 3612 acquirat,
610 3525 740 3592 canales
766 3526 859 3592 uerbi
881 3527 986 3613 gratia
1013 3526 1067 3591 uel
1091 3526 1217 3613 tegulas
1254 3528 1428 3594 colliciares
1511 3582 1512 3585 ,

280 3625 315 3690 in
336 3635 421 3691 tecto
443 3625 543 3691 uicini
564 3639 659 3692 antea
689 3627 905 3706 dominantis,
934 3628 1089 3715 affigendi
1118 3650 1238 3715 easque
1265 3627 1427 3695 reficiendi
1511 3656 1512 3684 t

279 3727 333 3793 uel
356 3726 460 3793 inuito
480 3728 611 3807 uicino,
643 3728 830 3795 seruitutem
853 3727 1008 3794 stillicidii
1028 3730 1196 3795 auertendi
1219 3732 1348 3797 uidetur
1370 3728 1426 3793 sibi

280 3851 498 3917 comparasse.

383 3934 429 3999 Et
451 3931 533 3999 haec
558 3931 689 4018 quidem
720 3952 856 4020 prorsus
891 3932 1092 3997 conueniunt
1124 3956 1197 3999 cum
1226 3935 1425 4002 Tnnorfflur

279 4032 389 4111 dietis,
416 4034 640 4100 simulantem
662 4032 891 4119 intelligimus,
918 4055 1090 4119 perperam
1116 4034 1199 4100 illud
1226 4037 1424 4105 Tunorfflm
1510 4058 1511 4070 ¹

278 4136 409 4201 effatum
431 4133 474 4201 ad
494 4134 682 4201 seruitutem
702 4135 796 4201 altius
818 4132 954 4199 tollendi
972 4134 1146 4202 redhiberi.
1168 4142 1219 4220 ²¹)

275 4287 476 4302 ..ι-.-

313 4338 360 4405 ²¹)
389 4343 453 4395 Parl
481 4347 565 4395 modo
594 4345 740 4397 seruitum
768 4360 826 4397 nou
877 4347 1091 4413 constituuntur,
1119 4348 1166 4399 ubi
1189 4348 1345 4401 seruitutem
1365 4362 1423 4415 pro·

274 4438 437 4505 protegendi
454 4440 500 4490 nal
517 4454 576 4492 non
590 4438 750 4505 proficiendi
769 4454 827 4491 non
876 4440 986 4503 tegendi
1011 4442 1056 4491 nel
1077 4440 1236 4505 proficiendi
1266 4444 1325 4511 quir
1350 4454 1422 4493 exer·
