3067 5117
1226 356 1284 425 113

204 501 349 577 „Titio
379 500 459 568 00.
490 503 611 590 lego,
639 515 882 591 praeterea,
914 526 1019 591 quac
1052 504 1191 571 atilio
1222 506 1284 573 le-

203 602 326 686 gaui‚
347 604 456 669 heres
477 628 587 669 meus
610 605 720 671 dato.
732 615 753 645 “
768 608 838 691 ¹⁴⁸)

228 704 303 768 Hoc
324 705 409 768 enim
429 726 507 769 casu
528 706 802 791 praesumendum
825 717 890 783 est,
922 706 1006 773 bene
1026 707 1162 771 sciuisse
1185 717 1283 771 testa-

8 821 15 894 )
120 813 244 881 torem,
271 827 308 869 se
338 805 447 890 legata
473 806 585 891 primis
612 808 731 873 tabulis
764 808 878 874 relicta
905 818 1104 893 repetentem
1127 808 1223 872 etiam
1244 806 1283 871 G.

122 906 213 971 Titio
236 906 307 971 dari
323 906 447 972 iubere.

230 1006 331 1090 Quod
352 1031 433 1073 uero
454 1006 613 1086 diximus,
635 1009 664 1073 si
683 1010 791 1075 minus
814 1010 959 1095 legatum
977 1008 1073 1073 luerit
1093 1008 1210 1074 tabulis
1231 1030 1284 1074 se·

122 1108 258 1186 cundia,
281 1108 385 1174 nihilo
406 1108 512 1175 secius
532 1108 662 1185 deberi,
682 1109 772 1194 qnod
794 1110 906 1195 primis
928 1110 1037 1175 datum
1057 1120 1146 1185 erat,
1168 1110 1213 1175 ita
1232 1110 1284 1173 in·

123 1207 338 1294 telligendum
361 1221 427 1285 est,
457 1210 484 1273 si
510 1210 678 1275 utiliter
698 1211 810 1295 primis
832 1211 975 1296 legatum
996 1210 1101 1274 fuerit.
1153 1210 1237 1274 Nam
1257 1209 1285 1273 si

8 1374 9 1404 ἶ
123 1308 355 1387 inutiliter,
377 1310 493 1387 exiis,
517 1334 600 1395 quae
622 1334 721 1397 supra
741 1310 784 1377 ad
804 1312 903 1379 L.53.
926 1335 974 1397 pr.
996 1312 1038 1377 de
1058 1310 1146 1396 legg.
1169 1312 1194 1375 l.
1218 1312 1284 1375 dis-

123 1409 320 1494 putauimus,
342 1434 410 1475 non
430 1412 503 1499 plus
518 1411 661 1476 dicemus
670 1412 792 1489 deberi,
822 1436 919 1497 quam
940 1412 1028 1497 quod
1049 1412 1203 1497 scripturn
1226 1422 1285 1489 est,

8 1551 9 1583 t
124 1511 285 1595 reliquum
307 1514 393 1577 eninr
413 1512 489 1577 licet
509 1513 604 1578 tacite
633 1514 805 1600 repetitum
826 1515 884 1591 sit,
914 1512 1069 1578 inutiliter
1100 1522 1207 1577 tamen
1230 1534 1285 1579 re-

8 1621 9 1626 ’
125 1612 260 1696 petitum
280 1623 343 1689 est,
366 1612 443 1697 quia
460 1612 551 1678 nullo
579 1614 679 1679 modo
698 1614 921 1680 conditionem
939 1610 1012 1680 eius
1033 1623 1188 1678 mutatam
1209 1636 1285 1680 esse

124 1712 233 1778 eninci
252 1725 371 1799 potest.

229 1816 343 1900 ltaque
377 1814 578 1880 uoluntatem
610 1818 791 1894 testatoris,
830 1816 934 1902 qualis
968 1818 1132 1902 praesumi
1167 1818 1282 1904 possit,

8 1927 9 1934 ’
123 1916 175 1981 uel
196 1915 339 1983 maxime
361 1918 395 1981 in
416 1917 478 1982 hac
500 1917 579 1981 iuris
599 1928 690 2003 parte
711 1918 984 1983 considerandam
1006 1938 1078 1983 esse
1101 1918 1261 1985 uidemus.

207 2084 212 2090 ,
230 2020 336 2083 Porro
365 2018 554 2105 attingenda
571 2031 621 2084 est
642 2020 813 2104 quaestio,
843 2042 926 2104 quae
948 2020 1012 2084 iam
1034 2041 1133 2105 supra
1155 2030 1204 2085 est
1225 2019 1283 2085 ad-

122 2121 288 2197 umbrata,
318 2120 395 2204 quid
423 2122 500 2197 fiat,
535 2122 563 2185 si
592 2122 706 2187 eadem
734 2142 787 2185 res
815 2120 961 2205 utrisque
990 2120 1108 2186 tabulis
1136 2122 1283 2209 pluribus

122 2223 219 2287 fuerit
248 2222 372 2287 relicta.
431 2223 469 2288 In
502 2244 567 2308 quo
601 2222 833 2289 recurrendum
869 2232 918 2288 est
953 2220 995 2287 ad
1031 2222 1284 2289 Sabinianorurn

122 2324 204 2389 illud
225 2348 348 2401 „unum
370 2347 442 2390 esec
462 2332 727 2389 testamentumz“
750 2323 887 2409 perinde
910 2322 996 2387 enim
1018 2346 1086 2387 rem
1107 2348 1142 2390 se
1157 2324 1284 2390 vhabere

123 2426 289 2502 dicemus,
330 2449 368 2491 ac
396 2427 425 2490 si
453 2426 569 2491 eodem
601 2435 795 2490 testamento
821 2422 959 2489 diuersis
991 2426 1141 2509 personis
1170 2424 1285 2490 eadem

124 2550 174 2593 res
198 2528 309 2612 legata
328 2527 441 2604 fuerit,
469 2528 579 2613 itaque
607 2549 675 2591 non
702 2527 746 2603 ii,
777 2525 895 2611 quibus
922 2525 1035 2610 primis
1056 2525 1175 2591 tabulis
1192 2525 1284 2611 lega-

125 2642 190 2695 tum
214 2639 280 2705 est,
302 2650 372 2693 rem
391 2627 567 2704 habebunt,
591 2628 707 2712 reliqui
729 2628 987 2693 aestimationem
1008 2627 1062 2693 nel
1084 2627 1156 2692 uice
1177 2650 1302 2705 uersa·

126 2730 182 2796 sed
209 2730 352 2795 inuicem
379 2750 494 2793 omnes
521 2738 616 2793 erunt
640 2729 852 2815 collegatnrii.
896 2727 947 2794 Cf.
981 2730 1021 2795 L.
1047 2731 1098 2795 41.
1126 2730 1157 2813 3
1178 2728 1209 2796 6.
1243 2729 1284 2795 de

126 2832 215 2917 uulg.
237 2840 270 2895 et
288 2851 377 2915 pop„
398 2830 439 2894 L.
460 2830 511 2896 53.
539 2831 571 2913 3.
595 2832 623 2897 1.
651 2830 693 2895 de
713 2830 801 2916 legg.
825 2831 864 2906 1.‚
884 2830 925 2894 L.
947 2832 997 2896 34.
1019 2830 1121 2914 310.
1143 2828 1199 2903 ib..
1221 2829 1284 2894 nisi

127 2932 213 3017 quod
243 2954 262 2997 e
290 2930 402 3016 primis
434 2930 552 2996 tabulis
588 2931 678 3017 prius
711 2932 795 2997 actio
828 2930 933 3007 datur,
957 2930 998 2994 L.
1026 2932 1077 2997 34.
1106 2933 1137 3013 §.
1167 2931 1215 2997 10.
1246 2931 1287 2997 de

289 3035 340 3076 111

127 3032 375 3199 legg-&thuin
396 3130 553 3196 addamus
574 3132 616 3198 de
635 3133 832 3219 praelegatis
847 3132 972 3219 pupillo
996 3132 1131 3198 forsitan
1155 3158 1174 3199 a
1194 3145 1286 3221 patre

10 3321 11 3328 ἵ
129 3234 257 3299 relictis.
279 3231 438 3316 Quaestio
458 3232 512 3309 fit,
532 3244 640 3298 utrum
662 3235 755 3318 quasi
778 3234 961 3299 aduenticia
982 3234 1100 3319 pupilli
1117 3234 1206 3300 bona
1226 3236 1285 3301 ha·

129 3335 199 3401 beat
224 3358 266 3400 ea
286 3332 491 3410 substitutus,
522 3356 563 3398 an
600 3334 634 3398 in
662 3336 823 3400 rationem
844 3335 1011 3400 Falcidiae
1041 3336 1202 3401 coniicere
1228 3337 1286 3401 ‹le-

11 3453 16 3500 ,·
128 3435 207 3501 beat.
272 3436 316 3498 Et
342 3434 453 3499 uerius
481 3434 625 3513 uidetur,
653 3436 744 3521 prius
774 3436 856 3501 illud
884 3436 994 3501 locum
1024 3434 1163 3512 habere,
1189 3438 1280 3521 quod

129 3538 282 3623 colligere
311 3556 486 3622 possumus
515 3558 557 3600 ex
583 3537 624 3601 L.
649 3538 699 3603 32.
728 3537 770 3602 de
798 3538 888 3625 legg.
917 3538 991 3612 Ill.,
1021 3536 1108 3603 unde
1141 3548 1285 3624 apparet,

12 3703 13 3714 ¹
127 3637 233 3725 legata
253 3637 310 3701 illa
328 3637 363 3700 in
386 3636 486 3721 patris
507 3636 685 3703 hereditate
707 3660 775 3703 non
797 3637 921 3704 haberi.

130 3791 327 3803 —-—--.

164 3909 228 3977 111)
248 3912 311 3964 Non
329 3914 402 3963 idem
423 3913 482 3976 erit,
509 3913 533 3962 ei
552 3913 680 3976 scriptum
730 3914 799 3964 Nam
818 3916 873 3963 hoo
889 3929 953 3965 casu
972 3915 1060 3965 Titius
1079 3912 1187 3963 habebit
1204 3914 1268 3965 00..

131 4004 174 4052 sit:
770 4004 835 4069 ¹⁴¹)
854 4008 915 4055 Huc
933 4005 1013 4055 etiam
1032 4006 1166 4069 respicere
1179 4008 1287 4055 uidetur

178 4097 294 4158 „Quae
319 4110 336 4143 a
364 4095 446 4144 lilio
472 4097 605 4158 legari,
623 4098 680 4147 he·
732 4100 764 4151 1..
779 4096 822 4151 tt.
837 4098 859 4148 si
879 4098 938 4161 quis
952 4114 1005 4151 om.
1020 4112 1109 4151 couss.
1130 4099 1286 4162 (XXVIIII,

180 4187 469 4248 remendare,
491 4186 664 4237 Titiocc.
733 4189 775 4252 1.).

179 4277 295 4327 dato.“
