3067 5117
1215 412 1300 480 lul,

113 562 327 649 prohibitorio
353 585 437 650 opus
458 582 547 640 esse,
580 573 616 628 ut
644 562 758 629 uitium
786 562 867 629 illud
889 560 1080 648 corrigatur.
1121 560 1273 645 Quodsi
1327 560 1329 567 ’

113 686 229 728 uerum
250 674 315 741 est,
338 665 461 751 duplex
480 664 636 730 habemus
657 665 692 729 in
715 665 895 730 intentione
916 664 1161 731 fundamentum
1182 662 1271 749 quod

113 775 286 849 utrumque
298 764 438 849 probare
454 765 663 851 adstringitur
674 778 774 844 actor,
796 777 828 832 et
843 766 973 847 sibilus
989 788 1062 831 esse
1076 763 1273 852 prohibendi

114 877 145 931 et
165 866 258 931 alteri
279 866 330 931 ius
346 868 512 952 quoddam
525 890 592 931 non
614 890 704 934 esse:
724 867 786 933 hac
807 870 915 953 itaque
939 868 1144 955 separatione
1164 864 1273 951 quoad

115 968 344 1052 probationem
367 988 408 1031 ex
425 964 592 1032 debilitate
613 968 691 1033 iuris
713 968 892 1035 aduersarii
913 968 993 1033 nihil
1014 968 1199 1055 proficitur:
1222 966 1273 1031 sin

113 1090 196 1133 uero
217 1067 290 1132 uice
318 1088 415 1131 uersa
436 1067 508 1152 pari
536 1067 610 1133 loco
637 1068 789 1135 habenda
816 1081 865 1135 est
893 1080 1028 1155 utraque
1055 1091 1149 1157 pars,
1175 1067 1220 1133 ita
1238 1076 1274 1132 ut

114 1167 244 1246 „uel“
266 1167 427 1254 particula
449 1167 559 1231 locum
583 1168 728 1235 obtineat
749 1170 926 1257 particulae
960 1171 1122 1248 ,‚siue,“
1153 1191 1192 1235 ee
1214 1167 1272 1233 ad-

114 1269 283 1346 ducimur,
319 1280 355 1333 ut
374 1268 485 1333 uincat
514 1279 619 1348 actor,
651 1270 679 1334 si
710 1270 897 1336 alterutrum
924 1271 1128 1358 probauerit:
1165 1271 1273 1355 itaque

112 1381 286 1455 utrumque
313 1369 483 1435 intendere
510 1392 577 1435 non
605 1393 688 1457 opus
712 1371 863 1449 habebit,
891 1372 951 1437 sed
972 1372 1006 1436 id
1029 1382 1163 1450 tantum,
1185 1370 1274 1457 quod

114 1470 328 1557 probaturum
350 1494 385 1535 se
403 1480 530 1557 sperat,
564 1494 628 1556 quo
648 1472 733 1537 fracto
757 1472 839 1538 duas
860 1472 1057 1539 intentiones
1087 1474 1192 1539 statim
1216 1497 1273 1539 ex·

115 1573 277 1637 cudimus.
324 1572 501 1637 Praeterea
527 1596 662 1659 prorsus
689 1574 875 1660 neglexisse
901 1575 1030 1641 uidetur
1050 1576 1273 1652 STEPHANVS,

115 1674 207 1759 quod
232 1673 336 1739 uerba
362 1674 533 1751 „inuito
556 1682 645 1739 me“
677 1674 788 1739 addita
816 1686 890 1739 sunt
921 1674 954 1738 in
976 1674 1115 1741 formula
1135 1687 1273 1761 negato-

115 1776 187 1851 ria,
222 1774 339 1860 quibus
366 1775 474 1860 ipsum
500 1775 581 1838 illud
608 1776 808 1852 continetur,
847 1776 936 1861 quod
971 1775 1049 1840 iuris
1084 1776 1274 1863 prohibitiui

110 1876 280 1941 mentione
306 1877 391 1941 facta
416 1874 578 1941 formulae
605 1876 675 1939 uult
704 1876 848 1941 iniicere
906 1874 957 1941 Cf.
986 1877 1210 1943 Scflossnrlvs
1240 1900 1272 1962 p.

113 1976 184 2043 164.
205 2000 239 2039 n.
265 1978 325 2044 17..
357 1978 424 2044 Sed
453 2000 624 2062 quousque
644 1979 776 2043 tandem
807 1977 888 2042 haee
916 1977 1140 2053 ratiocinatio,
1174 2000 1273 2061 quum

111 2078 225 2143 inania
244 2100 297 2142 me
317 2077 409 2163 loqui
429 2090 576 2165 apertum
598 2078 655 2144 siut
702 2080 791 2144 Eece
821 2078 908 2144 enim
931 2089 1091 2164 prouocat
1110 2080 1272 2146 STEPHA-

111 2198 181 2245 uvs
202 2178 374 2263 adipsum
396 2180 580 2247 STEPHANI
600 2178 778 2258 scholium,
807 2202 871 2265 quo
892 2178 973 2244 haec
992 2180 1037 2244 ita
1059 2202 1148 2257 esse,
1177 2192 1272 2265 atque

115 2282 333 2348 Saarnasvs
352 2280 495 2343 iunior
517 2281 684 2365 exposuit,
712 2281 893 2347 luculenter
913 2280 1130 2345 confirmetur.
1179 2281 1274 2344 Licet

115 2382 205 2447 enim
230 2380 322 2445 initio
353 2380 468 2445 scholii
495 2392 559 2445 tres
587 2380 642 2445 ille
670 2383 787 2467 procul
815 2381 914 2447 dnbio
942 2380 1087 2445 diuersas
1110 2381 1274 2446 actionum

111 2481 272 2547 formulas
293 2480 519 2567 proposuerit,
539 2499 655 2567 postea
676 2494 784 2549 tamen
805 2485 926 2549 rectam
946 2482 1034 2547 uiam
1054 2482 1191 2568 reperit,
1222 2506 1272 2547 er-

3 2583 4 2586 ’
109 2606 286 2668 roremque
306 2582 437 2648 fatendo
460 2582 540 2648 duas
562 2594 685 2648 tautum
707 2606 780 2649 esse
800 2583 911 2648 docuit
931 2584 1150 2661 intentiones,
1192 2606 1272 2648 con-

109 2684 285 2749 fessoriam
305 2683 428 2748 scilicet
448 2685 607 2763 atillam,
635 2708 735 2770 quam
759 2708 859 2770 supra
885 2684 1068 2752 STEPHANI
1097 2684 1272 2749 minoris

109 2788 283 2850 inuentum
316 2784 532 2849 exhibuimus.
611 2786 701 2868 Quid
733 2786 821 2851 enim
863 2784 950 2849 aliud
982 2784 1167 2871 significant
1192 2784 1272 2849 haec

109 2887 230 2952 acholii
252 2886 369 2951 uerba:

197 2997 281 3077 „El
316 3001 373 3061 καὶ
410 2996 453 3060 τὰ
487 2996 638 3080 μάλιστα
674 2996 739 3083 yde
775 2987 793 3060 ὅ
828 2994 1023 3083 νεγατόριος
1057 2995 1165 3069 τιίπος
1201 2985 1268 3081 ἆρ-

215 3100 334 3182 μίττει
370 3094 418 3185 aqi
454 3101 714 3186 προπριεταρίῳ
741 3097 829 3163 κατὰ
864 3094 926 3163 τοῦ
958 3098 1121 3177 λέγοντος,
1148 3094 1271 3161 ἑαυτὸν

216 3200 598 3287 οοσοαφροακοουιίριον
629 3196 734 3279 εἶναι,
772 3204 826 3265 καὶ
863 3195 966 3265 κινῶν
1000 3190 1018 3264 ὅ
1052 3198 1272 3286 προπριετιί-

218 3324 288 3388 ριος
317 3306 518 3387 νεναιορίως
541 3306 628 3366 κινεῖ
647 3302 771 3380 λέγων,
805 3300 843 3367 el
871 3304 1108 3386 φαίνεταί,
1134 3316 1187 3365 σε
1220 3300 1273 3384 μί]

215 3404 343 3485 ἔχειν
376 3402 558 3470 δίκαιον
583 3399 663 3467 τοῦ
684 3424 929 3490 curtenova
956 3409 1011 3471 καὶ
1038 3400 1167 3487 τρόπον
1193 3401 1273 3467 τινα

216 3504 275 3572 οὐκ
303 3511 342 3569 ἐκ
369 3502 438 3568 τοῖν
465 3505 600 3570 οἰκείων
626 3503 788 3584 δικαίων,
814 3500 886 3571 ἀλλ’
913 3504 948 3570 ἐκ
975 3502 1043 3571 τοῖν
1068 3500 1273 3588 ἔπιοιίθρων

215 3605 275 3674 τοῦ
301 3605 477 3672 ἀντιδίκου
505 3606 732 3672 κατεσκεύασε
755 3608 816 3690 τὴν
843 3611 938 3693 νίκην
971 3603 1093 3694 ἑαυτῷ,
1122 3598 1209 3687 ὅμως
1236 3604 1272 3669 ὲκ

216 3706 284 3774 τῶν
330 3705 505 3792 ἑπομένων
547 3706 609 3775 τοῦ
643 3708 753 3773 τύπου
792 3700 950 3793 ῥημάτων
984 3708 1175 3783 δείκνυται,
1220 3699 1273 3771 ὅτι

215 3810 359 3882 δεόντως
406 3815 524 3874 κινεῖ·
562 3812 667 3890 λέγων
711 3808 796 3892 γὰρ,
839 3804 921 3876 ὅτι·
962 3811 1000 3875 εἰ
1052 3812 1272 3895 φαίνεται

215 3929 263 3978 oe
297 3911 485 3975 δίκαιον
507 3914 565 3995 μὴ
590 3910 715 3991 ἔχειν
742 3906 828 3976 τοῦ
854 3904 908 3968 uti
930 3903 1013 3967 frui
1035 3901 1175 3967 inuito
1198 3924 1272 3977 me,

215 4008 234 4097 ἢ
272 4007 396 4090 οὕτως,
425 4012 464 4077 εἶ
502 4015 815 4095 φαίνεταίμε
841 4011 1024 4075 δίκαιον
1050 4007 1169 4091 ἔχειν
1195 4007 1274 4075 τοῦ

214 4115 408 4180 κωλύειν
431 4131 481 4178 σε
505 4112 713 4200 χρῆσθαι
739 4110 802 4179 τοῦ
827 4132 1030 4200 οοοιφροοι,
1085 4110 1180 4198 δηλοῖ
1220 4106 1274 4178 ὅτι

214 4214 381 4302 ὅεσπότης
408 4214 526 4281 ἐστίν(
548 4222 608 4275 etc.
