3067 5117
632 757 664 840 S·
687 759 735 826 14.

286 940 311 999 3·
346 949 384 1002 DE
404 949 498 1002 ONERB
516 949 662 1003 PROBANDI
680 951 713 1002 nt
733 951 853 1003 AGHONE
873 952 1089 1005 Psonulrours.

205 1123 377 1190 Actionem
399 1122 646 1208 prohibitoriam
671 1121 756 1188 hanc
777 1145 870 1202 esse,
894 1135 982 1190 certo
1003 1123 1080 1192 licet
1099 1137 1256 1194 statuere:

252 1245 284 1291 sr
315 1271 324 1288 .
350 1243 465 1289 runnu
493 1271 501 1287 .
534 1228 576 1288 a·
601 1269 609 1285 .
639 1234 679 1287 s⁰
705 1243 796 1291 .1vs
827 1273 835 1289 .
863 1245 945 1293 essu
974 1245 1255 1294 .raoumnnn1.

254 1333 1257 1411 umam.1ns.acrrss.1u.rvru0.car1rnsrn.⁴²)

100 1429 362 1496 Fundamentum
393 1427 529 1493 actionis
562 1425 816 1512 prohibitoriae,
853 1427 941 1514 quod
974 1452 1073 1514 snpra
1103 1429 1256 1509 uidimus,

100 1535 150 1618 [S.
168 1532 215 1618 8.)
237 1540 284 1597 est
306 1527 543 1594 dominium
565 1527 711 1593 eiusne
735 1527 778 1595 iu
798 1539 917 1617 parte
940 1529 1165 1597 exclusiua
1188 1557 1255 1599 ex-

101 1633 253 1699 tensio.
304 1631 409 1695 Prout
436 1630 545 1715 itaque
578 1629 765 1695 alterutrum
789 1654 829 1695 ea
847 1629 1087 1717 persequimur,
1118 1631 1173 1698 uel
1194 1631 1255 1698 do-

101 1734 193 1800 minii
221 1730 371 1819 probatio
403 1730 457 1796 uel
483 1729 647 1796 seruitutis
672 1729 822 1816 exigitur.
875 1734 919 1796 Et
940 1732 1101 1818 posterius
1123 1734 1255 1819 quidem

99 1839 164 1904 hoc
183 1836 211 1901 si
239 1832 399 1909 euenerit,
430 1854 483 1897 res
515 1842 564 1897 est
597 1831 858 1918 simplicissima:
892 1832 1030 1920 probato
1064 1834 1151 1899 enim
1186 1835 1256 1901 iure

101 1962 162 2006 suo
195 1948 284 2004 actor
309 1933 530 2000 aduersarium
558 1932 730 2020 impediet,
763 1959 806 2001 ue
839 1934 918 2021 quid
948 1945 1062 2000 contra
1089 1937 1256 2023 suscipiat,

101 2042 131 2106 si
159 2039 283 2105 scilieet
313 2035 493 2102 dominium
523 2058 617 2100 suum
647 2036 803 2101 infundo
826 2037 1013 2103 dominante
1035 2037 1256 2123 quasilegiti-

99 2139 276 2206 mationcm
298 2137 340 2204 ad
360 2159 430 2203 rem
450 2133 546 2201 simul
568 2138 848 2223 comprobauerit,
869 2138 955 2203 hanc
978 2136 1066 2203 enim
1087 2137 1254 2224 probatio-

99 2265 176 2308 nem
205 2262 274 2306 non
300 2239 407 2305 minus
438 2236 526 2324 exigi
554 2260 671 2323 posse,
703 2261 801 2324 quam
830 2239 865 2304 in
897 2237 1099 2305 consensoria
1128 2239 1255 2306 actione

100 2352 355 2408 cousentaneum
377 2350 443 2406 est:
465 2349 496 2404 et
517 2338 580 2404 hoc
603 2338 735 2425 quidem
754 2341 875 2426 pariter
894 2334 1066 2406 habebitur
1081 2340 1257 2408 inactione

4 2513 5 2520 χ
99 2443 279 2532 negatoria.
320 2443 364 2507 At
382 2463 461 2507 uero
482 2440 583 2528 longe
606 2441 771 2506 difficilior
790 2465 842 2507 res
864 2451 927 2519 est,
961 2441 988 2505 si
1013 2441 1085 2528 quis
1108 2441 1254 2509 dominio

100 2568 159 2610 suo
183 2545 280 2610 nixus
302 2543 401 2609 alium
420 2543 595 2628 prohibere
610 2541 761 2609 uoluerit.
783 2541 906 2628 Quaeri
927 2541 1013 2608 enim
1034 2553 1154 2630 potest,
1177 2567 1256 2611 uum

101 2645 263 2733 probatio,
296 2667 337 2710 se
369 2643 577 2710 dominum
608 2665 723 2722 esse,
755 2644 911 2720 sufficiat,
940 2667 982 2709 an
1003 2645 1112 2731 potius
1136 2644 1182 2710 ita
1202 2669 1256 2712 ra·

101 2746 323 2814 tiooinandum
344 2745 402 2812 sit:
443 2745 517 2824 ‚,Is‚
545 2745 602 2832 qui
631 2745 820 2812 seruitutem
842 2745 957 2821 debet,
982 2731 1255 2831 dominiumqui-

101 2847 175 2912 dem
196 2847 327 2924 retinet,
348 2845 493 2912 sednon
516 2846 579 2912 tale
600 2845 798 2923 dominium,
821 2845 908 2910 uude
929 2845 979 2909 ius
1000 2845 1196 2930 prohibendi
1216 2847 1257 2912 il-
1334 2917 1340 2924 ,

100 2949 188 3026 lum,
219 2949 272 3013 cui
301 2948 488 3014 seruitutem
506 2945 620 3024 debet,
650 2946 711 3012 sibi
732 2948 838 3034 possit
858 2945 1052 3013 adscribere.
1092 2945 1147 3012 Ius
1170 2949 1257 3014 enim

100 3047 297 3137 prohibendi
315 3049 349 3114 in
371 3046 517 3114 dominio
538 3069 655 3134 perse
678 3049 853 3127 consitum,
879 3048 1033 3114 seruitute
1060 3049 1254 3116 obuersante

102 3162 215 3216 contra
232 3173 323 3227 eum,
353 3150 409 3237 qui
437 3149 624 3215 seruitutem
653 3149 768 3228 habet,
795 3151 886 3236 ipso
912 3150 1006 3216 iure
1028 3150 1255 3237 compescitur,

100 3253 210 3338 itaque
231 3249 382 3317 dominus
404 3249 446 3318 ad
466 3249 647 3316 dominium
666 3273 852 3338 prouocaus
875 3251 955 3316 nihil
988 3251 1072 3337 agit,
1101 3251 1256 3338 quamdiu

101 3375 169 3418 non
191 3352 286 3417 etiam
295 3351 494 3440 probauerit,
517 3351 568 3416 ius
588 3350 669 3417 illud
691 3351 887 3438 prohibendi
907 3365 1020 3420 contra
1039 3353 1147 3441 ipsum
1165 3376 1257 3420 reum

102 3479 137 3522 se
158 3454 349 3532 retinuisse,
370 3453 512 3538 ideoque
537 3453 633 3519 etiam
660 3453 694 3517 in
720 3452 781 3518 hac
808 3453 1023 3540 prohibitoria
1042 3455 1169 3522 actione
1189 3479 1257 3521 non

104 3553 287 3622 dominii
327 3553 555 3642 probationem
591 3553 649 3620 sed
687 3554 916 3622 libertatis
953 3555 1133 3624 dominii
1168 3558 1257 3644 exigi

104 3658 259 3724 debere.“

208 3757 273 3824 Cui
291 3755 462 3823 ratiocinio
480 3758 621 3846 primum
643 3760 767 3846 opponi
789 3759 894 3844 possit
913 3759 1096 3828 Surenam
1116 3760 1256 3825 auctori-

104 3883 151 3940 tas
180 3859 349 3947 superiore
369 3860 576 3948 paragrapho
598 3861 791 3928 collaudata.
834 3861 943 3944 Quem
976 3882 1075 3945 quum
1097 3859 1256 3928 distinctis

105 3961 212 4028 uerbis
234 3959 419 4028 dominii
439 3961 667 4048 probationem
689 3961 836 4028 docuerit
856 3962 1026 4039 sufficere,
1054 3961 1095 4028 dc
1121 3962 1257 4030 liber-

142 4269 186 4335 ⁴²)
215 4271 308 4326 verba
337 4270 476 4336 „inuito
499 4271 570 4322 me“
600 4287 658 4324 noa
707 4285 737 4322 se
757 4277 800 4322 cst
820 4270 973 4322 dilucidum.

109 4369 167 4416 otte
193 4367 293 4417 debere
320 4364 350 4416 tn
367 4363 418 4414 hac
435 4364 586 4416 intentione
607 4379 657 4430 per
