3067 5117
23 845 25 886 t

23 895 24 918 1

1196 361 1255 428 171

96 515 124 597 S.
151 517 182 582 1.
218 525 250 582 et
273 515 368 582 huius
397 515 594 602 paragraphi
629 513 721 579 initio
745 514 992 602 disputauimus,
1022 514 1124 580 altera
1153 512 1254 578 oritur

98 617 260 701 quaestio,
282 640 360 682 num
379 625 465 682 recte
487 617 532 682 ita
552 627 684 702 agatur:

242 736 273 784 s1
301 764 308 779 .
336 736 451 782 runnu*
483 765 491 782 .
520 737 578 784 rvs
608 736 720 782 .111Η1
744 765 752 781 .
773 737 856 786 ussa
879 766 886 782 .
909 737 1112 785 racusanus
1135 763 1143 780 .
1164 730 1212 780 um
1243 761 1251 780 .

241 832 291 884 um
311 864 320 880 .
342 836 469 884 Anrrvs
493 865 501 881 .
522 836 681 883 Tononita
706 864 713 879 .

23 921 24 994 i
96 928 124 983 et
150 918 238 984 hanc
267 916 438 982 formulam
466 941 578 984 sanam
604 917 727 997 habac,
757 919 833 1004 quia
859 918 922 983 hoc
951 941 1029 983 casu
1057 917 1196 983 seruitus
1217 917 1252 980 in

23 1079 24 1100 3
92 1019 158 1104 ipso
180 1018 252 1082 iure
269 1017 465 1104 prohibendi
489 1019 647 1096 consistit,
672 1043 781 1106 neque
801 1019 919 1084 iccirco
940 1042 1023 1105 opus
1045 1028 1104 1095 est,
1127 1027 1162 1082 ut
1182 1040 1251 1082 ser-

23 1155 25 1204 q
95 1120 173 1184 uitus
203 1119 277 1205 ipsa
306 1128 401 1184 antea
431 1119 473 1182 sit
498 1119 654 1205 probata,
683 1121 874 1206 priusquam
902 1120 942 1184 de
967 1120 1037 1184 iure
1056 1117 1253 1206 prohibendi
1304 1117 1317 1132 ⁸

23 1205 25 1218 ’
93 1231 231 1296 constet,
252 1219 311 1286 sed
334 1231 504 1305 utrumque
527 1221 641 1286 eadem
661 1223 788 1288 ratione
811 1219 908 1285 simul
930 1220 1076 1286 efficitur.

191 1322 223 1384 E
246 1318 407 1386 contrario
430 1321 591 1386 actionem
610 1322 857 1408 prohibitoriam
873 1321 1062 1406 negatoriae
1084 1322 1167 1386 fines
1190 1343 1247 1384 cx-

95 1421 206 1487 cedere
228 1421 436 1486 ZAoflARIAs
458 1423 677 1502 continuauit,
706 1425 797 1490 uelut
821 1423 855 1486 in
884 1444 962 1486 casu
982 1422 1022 1486 L.
1046 1423 1093 1488 11.
1115 1421 1143 1486 si
1164 1441 1250 1486 seru.

23 1533 25 1608 t
93 1522 268 1608 proposito.
322 1521 442 1588 Socios
472 1521 560 1588 cuim
596 1524 680 1589 inter
711 1548 746 1590 se
780 1546 878 1609 agere
899 1544 999 1607 posse
1031 1522 1127 1599 „ius
1162 1519 1249 1585 sibi

23 1615 25 1636 ’
95 1623 511 1711 esseprohibendi,“
545 1625 604 1689 sed
640 1648 708 1690 non
747 1622 1249 1703 „iusnoncsseaedifi-

94 1726 265 1801 candi,“
299 1723 389 1809 quod
420 1746 536 1789 reuera
572 1725 635 1790 hoc
667 1727 717 1791 ius
754 1727 790 1790 in
823 1725 894 1790 solo
934 1723 1099 1789 communi
1137 1723 1246 1794 socius

92 1825 212 1894 habeat,

186 1931 337 1996 Alterum
355 1949 426 1994 esse
447 1949 567 2005 casum,
590 1927 618 1992 si
638 1928 710 2013 quis
731 1927 860 1993 aedium
875 1927 993 1993 habeat
1015 1925 1247 1990 usumfructum

96 2041 122 2095 et
151 2031 248 2098 ruina
282 2029 470 2096 imminente
506 2029 589 2093 nolit
611 2029 645 2092 in
668 2029 707 2092 iis
729 2029 948 2095 necessariam
970 2028 1137 2092 instituere
1161 2025 1246 2092 refe-

93 2133 245 2210 ctionem,
273 2153 382 2217 neque
402 2129 499 2196 etiam
521 2129 631 2193 damni
652 2128 762 2194 iniecti
785 2130 969 2194 cautionem
987 2139 1170 2216 praestare,
1202 2127 1247 2192 ita

93 2243 122 2298 ut
139 2233 204 2300 iam
233 2255 349 2300 cauere
378 2231 495 2297 debeat
525 2229 771 2318 proprietarius.
822 2231 898 2295 Hoc
930 2229 959 2293 si
992 2229 1156 2306 assuerit,
1193 2227 1245 2294 ius

23 2379 24 2394 .
94 2357 158 2401 esse
192 2335 329 2399 domino
362 2333 571 2398 fructuarium
603 2331 777 2418 prohibere
810 2331 857 2396 uti
884 2331 948 2396 frui
975 2333 1030 2416 (L.
1048 2334 1078 2397 9.
1100 2332 1131 2415 S
1154 2332 1184 2397 5.
1204 2330 1245 2395 de

94 2435 195 2500 damni
219 2435 291 2516 inf.)
317 2447 348 2500 et
369 2435 496 2500 actione
519 2433 651 2518 quidem
671 2431 896 2518 prohibitoria.
937 2433 1005 2500 Sed
1026 2433 1243 2520 posteriorem

91 2534 169 2602 hunc
206 2534 440 2623 prohibitoriae
462 2557 558 2599 usum
589 2534 660 2620 ipse
693 2534 903 2600 ZAOHARIAs
937 2558 1004 2599 non
1025 2531 1243 2620 magnifacit,

23 2625 24 2637 ¹
93 2648 169 2704 certe
201 2637 268 2702 iam
302 2637 441 2723 arrtiquis
481 2636 680 2722 temporibus
717 2635 971 2702 uindicationem
1003 2633 1154 2702 concedit
1185 2633 1245 2698 ob-

94 2737 234 2805 tinuisse.

191 2836 313 2921 Quoad
347 2861 426 2904 uero
462 2837 551 2926 prius
588 2837 686 2913 illud,
727 2858 833 2902 errare
865 2835 994 2900 uidetur
1025 2837 1244 2903 Zscfflsrss.

92 2937 207 3004 Procul
241 2938 341 3004 dubio
376 2939 463 3005 enim
495 2940 530 3003 in
560 2939 600 3002 L.
626 2941 673 3006 11.
704 2937 757 3002 cit.
790 2935 899 3002 uerbis
939 2937 1005 3014 „Et
1035 2938 1141 3022 magis
1178 2938 1243 3004 dici
1281 2964 1288 2980 ·

92 3047 215 3124 potest“
235 3040 456 3108 MARCELLVS
482 3063 549 3105 non
572 3040 715 3126 respexit
735 3038 776 3104 ad
797 3038 944 3124 singulas
966 3038 1122 3104 formulas
1145 3062 1244 3126 supra

93 3140 122 3204 in
145 3167 184 3209 ca
217 3143 290 3229 lege
318 3142 520 3229 propositas,
550 3141 608 3206 sed
636 3139 677 3205 ad
706 3163 864 3205 summam
894 3163 985 3204 suam
1006 3142 1241 3226 quaestionem,

23 3267 25 3280 ’
94 3244 227 3321 scilicet,
263 3268 341 3310 num
376 3243 547 3310 aedificare
579 3242 684 3328 possit
713 3241 839 3318 socius,
873 3265 915 3305 an
942 3241 1069 3308 actione
1104 3267 1124 3308 a
1143 3242 1241 3308 sociis

92 3356 170 3411 recte
193 3345 418 3431 prohibeatur,
441 3355 472 3410 et
492 3344 556 3410 hoc
577 3343 723 3408 ultimum
745 3342 789 3407 ait
809 3353 913 3407 ratum
935 3366 1025 3421 esse,
1054 3344 1131 3428 quia
1151 3344 1242 3410 aedi-

93 3445 214 3510 ficando
237 3446 345 3510 socius
367 3468 462 3510 suum
485 3444 617 3530 quidem
638 3445 687 3508 ius
710 3454 879 3522 exerceat,
902 3444 961 3509 sed
984 3444 1126 3512 alienum
1146 3445 1242 3511 simul

93 3546 240 3612 offendat.
280 3547 362 3612 Inde
382 3569 479 3624 uem,
503 3547 592 3631 quod
628 3545 900 3632 prohibendi
927 3556 1050 3611 tantum
1070 3547 1120 3611 ius
1143 3547 1241 3612 sociis

92 3648 263 3726 concessit,
289 3671 395 3732 neque
419 3669 501 3734 opus
528 3647 725 3733 perfectum,
756 3649 804 3712 uti
831 3670 930 3735 supra
955 3649 1115 3726 uidimus,
1143 3647 1240 3714 etiam

91 3747 251 3830 prohiberi
269 3748 392 3834 possit,
415 3747 577 3834 sequitur,
602 3759 636 3812 ut
655 3747 736 3815 haec
754 3749 907 3816 intentio:

237 3867 270 3915 sl
292 3897 300 3914 ·
320 3868 435 3916 PARET
457 3897 465 3914 .
490 3869 549 3916 IVS
568 3896 575 3913 ·
597 3867 670 3915 NON
693 3897 701 3913 ·
723 3867 807 3917 ESSE
829 3898 837 3915 .
859 3871 920 3916 ITA
943 3898 951 3917 .
972 3869 1240 3918 Anolnlcnrvn.

234 3971 377 4018 HABERE
396 4000 404 4016 .

23 4067 24 4084 ²
94 4053 204 4121 affectu
227 4065 348 4132 careat,
372 4054 449 4140 quia
468 4053 559 4119 nulla
581 4055 622 4120 sit
644 4054 727 4120 actio
750 4053 965 4140 prohibitoria
983 4053 1070 4119 hunc
1090 4054 1125 4119 in
1147 4076 1242 4120 usum

92 4156 224 4236 prodita.
266 4153 335 4221 Cur
356 4165 462 4221 autem
483 4155 536 4222 uel
560 4155 678 4220 additis
701 4155 810 4221 uerbis
833 4155 1002 4233 „inuito
1024 4161 1110 4220 me“
1132 4157 1240 4222 socius

94 4252 132 4320 ita
150 4257 317 4324 intendere
336 4266 495 4342 nequeat,
527 4278 642 4322 caussa
662 4255 697 4321 in
717 4267 871 4344 promptu
899 4267 964 4334 est,
997 4257 1074 4342 quia
1103 4257 1240 4323 tacendo
